2055 2917
73 2832 145 19 Downloaded
227 2832 55 19 from
293 2832 389 25 https://www.cambridge.org/core.
692 2833 26 18 30
724 2833 37 23 Jun
771 2833 51 18 2021
835 2835 21 16 at
865 2833 102 21 16:11:33,
977 2832 82 25 subject
1066 2835 23 16 to
1097 2832 38 19 the
1144 2832 127 25 Cambridge
1281 2833 52 18 Core
1341 2835 68 16 terms
1417 2832 24 19 of
1448 2838 45 13 use.

251 97 42 25 308
338 94 74 28 Journal
424 94 19 28 of
452 94 31 28 the
495 94 127 28 International
635 94 88 28 Phonetic
734 94 124 28 Association:
870 94 35 28 The
918 94 126 28 International
1057 94 88 28 Phonetic
1157 94 90 34 Alphabet

407 287 19 30 8
791 294 66 21 THE
878 294 195 23 PRINCIPLES
1095 294 41 21 OE
1157 295 66 20 THE

403 375 100 32 vowel
521 375 117 32 sounds
656 375 142 32 situated
817 386 41 23 on
877 386 35 21 or
929 386 78 21 near
1023 377 56 30 the
1097 375 102 32 limits
1218 375 36 32 of
1268 375 55 32 the
1343 375 141 32 cardinal
1502 386 100 24 areas.

404 422 64 31 The
483 421 98 31 letter
595 432 16 20 i.
625 422 26 30 is
667 421 89 38 used,
773 421 91 31 when
879 422 140 37 needful,
1035 426 34 26 to
1087 422 115 30 denote
1218 432 20 20 a
1254 421 101 31 vowel
1369 421 143 31 situated
1527 432 77 23 near

403 468 54 31 the
474 468 247 41 meeting-point
738 467 37 32 of
787 467 55 32 the
860 479 88 20 areas
966 470 81 34 i-e-i,
1067 468 63 31 and
1147 477 19 21 o
1181 468 49 31 for
1245 479 20 20 a
1281 467 204 42 lip-rounded
1502 470 101 31 vowel

402 524 77 21 near
491 513 55 32 the
559 513 246 41 meeting-point
819 515 36 30 of
867 513 56 32 the
941 524 88 21 areas
1046 513 85 32 uo-i
1137 515 11 19 1
1172 524 21 19 y
1206 524 77 30 may
1293 512 40 33 he
1346 512 78 33 used
1437 517 34 28 to
1485 512 117 35 denote

402 571 18 19 a
437 559 202 42 lip-rounded
655 569 24 21 t.
714 570 25 19 se
756 570 75 30 may
848 559 39 31 be
902 560 78 30 used
997 560 91 30 when
1104 560 26 30 it
1146 560 27 30 is
1190 559 123 31 desired
1329 564 34 26 to
1379 564 163 36 represent
1559 559 44 43 by

402 617 18 19 a
440 609 147 36 separate
606 606 97 30 letter
722 615 18 21 a
761 605 100 31 vowel
879 606 226 31 intermediate
1125 605 143 31 between
1289 606 141 30 cardinal
1451 615 15 21 £
1488 605 65 31 and
1573 617 26 20 a.

402 650 32 31 It
446 651 27 30 is
487 650 242 33 recommended
743 650 74 31 that
830 650 54 31 the
899 662 55 19 use
968 651 36 30 of
1014 651 89 32 these
1117 650 180 31 additional
1310 650 111 31 letters
1435 650 114 31 should
1562 651 39 33 be

402 708 35 19 as
446 697 51 30 far
507 709 34 18 as
551 696 138 42 possible
697 697 127 30 limited
834 701 33 26 to
878 697 171 41 languages
1059 698 33 30 in
1103 697 104 30 which
1217 697 54 30 the
1281 697 119 30 sounds
1410 697 33 30 in
1455 697 147 41 question

402 753 95 21 occur
512 755 34 19 as
561 743 173 40 phonemes
751 746 144 37 separate
911 744 84 30 from
1010 744 119 30 sounds
1145 743 240 40 appropriately
1398 745 203 38 represented

402 787 44 42 by
457 788 166 42 adjoining
635 788 141 31 cardinal
787 787 150 42 symbols.
962 789 33 30 It
1005 789 38 38 is,
1056 789 49 30 for
1115 789 154 38 instance,
1283 799 166 30 necessary
1460 792 35 27 to
1507 789 94 33 make

401 846 55 19 use
482 835 36 30 of
540 834 56 32 the
621 835 96 30 letter
741 845 15 20 i
781 835 34 30 in
840 834 213 42 transcribing
1080 834 143 32 Scottish
1248 834 133 41 English
1407 845 35 20 or
1469 834 133 33 General

401 881 180 38 American,
596 881 85 30 since
696 881 33 30 in
745 879 79 32 both
840 879 90 32 those
945 884 94 37 types
1056 881 36 30 of
1104 879 131 41 English
1251 879 56 32 the
1322 881 103 30 sound
1441 890 109 21 occurs
1567 891 34 22 as

401 937 18 19 a
433 926 157 41 phoneme
603 926 135 31 distinct
751 926 84 30 from
848 927 11 29 i
873 926 64 31 and
953 936 22 20 e,
983 929 10 16 2

443 973 48 30 23.
536 972 220 41 Occasionally
768 971 90 32 there
871 972 26 31 is
911 972 80 31 need
1005 972 50 30 for
1069 983 18 19 a
1101 972 125 41 symbol
1241 975 34 27 to
1289 975 163 38 represent
1466 983 18 19 a
1500 973 99 31 vowel

398 1019 225 30 intermediate
637 1016 143 33 between
794 1028 17 21 o
825 1019 64 30 and
903 1026 24 25 0,
959 1019 63 30 The
1037 1017 97 33 letter
1146 1027 18 22 e
1177 1019 26 30 is
1217 1017 242 32 recommended
1472 1017 49 32 for
1535 1017 64 33 this

399 1074 147 31 purpose.

570 1169 314 31 ILLUSTRATIONS
906 1169 51 31 OF
978 1169 84 31 THE
1080 1169 146 30 VOWEL
1247 1169 180 31 SYMBOLS

441 1248 47 30 24.
534 1247 65 31 The
632 1247 101 31 vowel
765 1247 141 40 symbols
939 1257 63 28 are,
1037 1259 34 19 as
1105 1247 170 40 explained
1308 1245 102 32 above
1446 1247 26 39 (§
1488 1247 37 31 17
1538 1247 59 39 If.),

398 1293 192 40 necessarily
605 1293 110 30 elastic
731 1293 32 30 in
779 1292 85 31 their
878 1293 119 32 values.
1029 1293 33 30 It
1076 1293 27 30 is
1119 1296 35 27 to
1170 1292 39 31 be
1225 1291 154 32 observed
1395 1292 66 31 also
1477 1292 74 31 that
1566 1293 32 32 in

398 1349 100 30 many
518 1350 87 19 cases
626 1338 55 31 the
703 1339 246 40 pronunciation
971 1339 37 30 of
1025 1339 55 31 the
1101 1338 64 41 key
1185 1338 104 31 words
1310 1339 103 30 varies
1434 1339 84 30 from
1539 1349 59 21 one

398 1385 111 30 native
524 1383 133 42 speaker
671 1387 34 29 to
722 1385 143 31 another.

397 1463 19 28 i.
461 1461 44 30 As
517 1461 32 30 in
563 1461 50 32 Fr.
629 1461 28 30 si
669 1471 8 28 ;
707 1460 70 33 Ger.
792 1472 65 19 me.
881 1460 91 33 With

506 1507 93 30 value
626 1517 88 20 more
740 1511 121 26 remote
889 1507 83 31 from

506 1551 143 33 cardinal
667 1553 34 31 in
719 1553 81 40 Eng.
821 1563 55 21 see.

398 1632 24 21 e.
462 1623 44 30 As
519 1623 34 30 in
569 1622 142 33 Scottish
725 1623 247 41 pronunciation

506 1669 36 30 of
571 1669 82 41 day;
698 1669 52 31 Fr.
785 1669 67 37 the;
899 1669 70 31 Ger.

505 1715 101 37 mekr;
623 1715 73 31 Ital.
705 1725 93 30 pesca
811 1715 160 40 (fishing);

505 1760 139 31 Russian
660 1771 95 22 next.

398 1839 24 22 £.
461 1831 43 30 As
533 1831 32 30 in
594 1831 162 30 Northern
789 1831 80 41 Eng.
899 1842 57 30 pro­

504 1877 188 30 nunciation
728 1877 36 30 of
794 1887 72 32 pen,
901 1881 68 36 get;

504 1921 51 34 Fr,
582 1927 102 26 mettre
710 1922 125 40 (short),
862 1923 109 32 maitre

506 1968 119 41 (long);
666 1968 71 31 Ger.
765 1969 88 37 Bett;
894 1968 74 32 Ital.

501 2024 93 30 pesca
677 2015 135 40 (peach),
896 2025 72 27 era;

504 2059 140 31 Russian
663 2070 18 21 a
699 2060 34 30 in
753 2070 88 21 btot.

1026 1471 26 20 a,
1091 1461 43 30 As
1163 1461 32 30 in
1224 1460 162 31 Northern
1417 1461 79 40 Eng.
1527 1471 58 30 pro­

1133 1507 186 30 nunciation
1345 1507 36 30 of
1403 1507 84 37 hack,
1509 1518 88 30 pan;

1133 1553 144 31 Parisian
1292 1553 52 31 Fr.
1357 1559 84 36 patte
1454 1563 6 27 ;
1489 1554 95 30 Hano­

1133 1599 109 30 verian
1253 1598 61 33 Ger
1317 1598 134 42 .fahren,
1460 1598 136 39 Strasse;

1131 1645 138 30 Russian
1287 1644 100 31 vowel
1403 1645 33 30 in
1453 1655 102 21 mhco.

1025 1724 25 22 ct.
1093 1716 43 30 As
1146 1716 33 30 in
1188 1715 147 40 frequent
1347 1715 158 31 Southern
1515 1715 80 40 Eng.

1129 1760 247 41 pronunciation
1389 1760 36 30 of
1429 1760 65 42 far,
1509 1760 86 42 half;

1130 1806 145 31 Parisian
1303 1806 50 31 Fr.
1381 1817 61 30 pas
1471 1806 125 41 (short),

1128 1851 72 42 pale
1224 1851 120 41 (long);
1381 1851 71 33 Ger.
1470 1851 126 42 fahren,

1129 1898 120 31 Strasse
1273 1908 36 20 as
1333 1897 205 42 pronounced
1563 1898 33 30 in

1130 1943 168 40 Hamburg
1314 1944 65 31 and
1394 1944 34 30 in
1445 1943 130 42 Saxony
1587 1955 8 26 ;

1128 1989 71 32 first
1212 2000 19 21 a
1244 1989 34 30 in
1292 1988 139 33 Russian
1445 2000 127 22 manna.

1021 2070 24 20 o.
1087 2060 43 30 As
1145 2060 32 30 in
1193 2059 142 31 Scottish
1350 2060 245 41 pronunciation

428 2167 11 14 1
450 2167 54 24 The
513 2167 92 25 letters
615 2174 12 19 I
639 2168 53 25 and
704 2174 17 19 U
734 2175 63 24 may
809 2168 32 24 be
851 2169 64 23 used
927 2175 29 16 as
967 2168 172 24 alternatives
1148 2171 30 21 to
1189 2173 14 20 t
1215 2168 53 24 and
1279 2174 28 21 Q.
1340 2174 16 21 \
1368 2169 53 23 and
1433 2174 18 21 Q
1463 2177 52 20 are,
1527 2168 58 24 how­

395 2215 68 22 ever,
476 2207 144 32 preferable
631 2207 90 30 forms,
733 2208 46 24 the
791 2208 87 24 others
890 2209 78 30 being
980 2208 207 31 unsatisfactory
1197 2209 28 23 in
1236 2209 73 23 italic
1321 2209 53 23 and
1385 2209 114 23 sanserif
1507 2209 89 23 founts

396 2240 30 24 of
434 2244 72 29 type.

428 2281 10 13 2
449 2280 61 24 This
529 2281 22 24 is
569 2280 110 25 because
695 2281 27 24 in
738 2281 115 24 Scottish
873 2281 110 31 English
996 2281 45 24 the
1057 2281 181 30 traditionally
1253 2281 62 31 long
1329 2279 12 27 1
1357 2282 22 23 is
1394 2281 132 32 generally
1538 2289 46 23 pro­

395 2321 118 24 nounced
529 2321 71 30 quite
613 2321 82 30 short,
709 2321 76 24 while
793 2321 28 24 in
829 2321 109 24 General
948 2321 138 24 American
1095 2321 45 24 the
1149 2321 180 31 traditionally
1339 2321 73 24 short
1421 2318 10 28 i
1443 2317 40 38 (t)
1491 2322 23 23 is
1523 2321 72 24 often

393 2360 166 31 lengthened.
