2055 2917
251 97 41 25 302
338 94 74 28 Journal
424 94 19 28 of
452 94 31 28 the
495 94 127 28 International
635 94 88 28 Phonetic
734 94 124 28 Association:
870 94 35 28 The
918 94 126 28 International
1057 94 88 28 Phonetic
1157 94 90 34 Alphabet

405 290 18 29 2
787 299 66 21 THE
875 298 196 24 PRINCIPLES
1094 299 42 21 OF
1157 299 66 21 THE

445 380 73 30 And
531 380 35 30 of
575 380 55 32 the
641 384 64 28 two
716 380 83 32 form
812 382 35 30 of
857 380 100 32 Greek
968 380 108 39 theta,,
1093 380 17 32 6
1122 380 62 32 and
1242 382 27 30 it
1280 380 59 32 has
1350 380 80 32 been
1442 392 166 34 necessary

446 430 35 27 to
499 425 113 32 choose
629 426 55 31 the
701 426 69 31 first
789 427 45 40 (in
851 426 135 31 vertical
1002 427 105 40 form),
1125 427 86 31 since
1227 426 56 31 the
1301 427 116 31 second
1434 432 119 28 cannot
1569 428 38 34 be

446 472 94 31 made
555 475 35 28 to
606 472 179 31 harmonise
801 472 80 32 with
895 484 113 20 roman
1022 473 120 32 letters.

489 530 45 40 (d)
557 530 31 30 It
599 530 26 30 is
638 534 58 26 not
708 530 135 41 possible
855 535 35 27 to
903 530 146 41 dispense
1062 530 137 41 entirely
1209 530 80 32 with
1301 532 177 31 diacritical
1489 532 116 34 marks.

447 576 65 31 The
529 575 196 32 Association
740 576 187 42 Phonetique
942 576 242 31 Internationale
1199 577 218 31 recommends
1434 577 74 31 that
1524 577 84 35 their

446 632 55 20 use
515 620 39 32 be
566 622 127 31 limited
705 632 35 21 as
752 622 51 31 far
815 632 33 21 as
861 622 138 42 possible
1011 626 35 28 to
1059 622 56 32 the
1128 622 161 40 following
1302 634 85 20 cases
1403 634 6 20 :

552 680 36 40 (i)
612 679 62 31 For
687 680 154 41 denoting
853 680 120 41 length,
985 685 107 34 stress,
1104 680 253 31 andintonation
1369 683 61 38 (see
1442 681 30 40 §§
1483 683 122 40 31-36).

540 734 48 40 (ii)
613 734 38 31 In
665 735 217 40 representing
895 734 176 42 particular
1085 734 156 31 members
1256 734 36 31 of
1302 734 182 42 phonemes.

528 789 60 40 (iii)
612 788 102 31 When
729 788 56 31 the
799 789 218 32 introduction
1034 789 36 30 of
1082 800 18 19 a
1116 789 98 41 single
1230 789 145 32 diacritic
1391 789 145 32 obviates
1551 791 54 32 the

487 835 158 40 necessity
659 835 49 30 for
722 834 165 42 designing
901 846 18 19 a
933 835 136 31 number
1079 835 36 30 of
1121 846 70 20 new
1202 835 111 31 letters
1326 836 55 39 (as,
1393 835 49 31 for
1452 836 152 41 instance,

487 881 32 30 in
533 879 55 32 the
601 881 252 39 representation
866 881 36 30 of
912 881 157 31 nasalised
1083 881 116 31 vowels
1213 891 7 28 ;
1247 891 49 21 see
1311 883 15 38 §
1340 882 60 38 30).

529 935 58 39 (iv)
612 933 61 32 For
696 935 216 40 representing
933 936 124 30 minute
1081 935 113 31 shades
1218 935 36 31 of
1273 936 102 30 sound
1395 936 35 30 in
1453 936 154 33 scientific

486 980 254 41 investigations.

488 1039 39 40 (e)
549 1038 40 31 In
602 1039 154 40 applying
768 1038 54 32 the
836 1039 153 41 alphabet
1002 1043 35 27 to
1050 1050 65 30 any
1127 1039 176 41 particular
1315 1039 164 42 language,
1494 1043 111 38 regard

403 1083 115 32 should
543 1083 40 32 be
609 1085 64 30 had
709 1088 34 28 to
779 1088 63 28 two
877 1085 222 31 fundamental
1134 1085 152 40 phonetic
1320 1085 192 42 principles:
1550 1086 54 32 the

404 1130 117 42 theory
536 1130 36 30 of
588 1130 19 12 “
619 1129 173 42 phonemes
806 1130 19 13 ”
842 1130 65 32 and
924 1130 55 32 the
996 1130 116 42 theory
1128 1130 36 32 of
1181 1130 18 13 “
1212 1130 143 32 cardinal
1371 1131 119 31 sounds
1505 1131 19 12 ”
1542 1134 62 31 and

405 1176 171 42 especially
599 1176 19 13 “
631 1177 140 30 cardinal
793 1177 118 31 vowels
924 1176 29 32 ”.

895 1269 220 30 PHONEMES

446 1348 29 29 4.
509 1346 64 31 The
582 1350 113 27 nature
709 1346 36 31 of
758 1357 18 20 a
795 1345 183 42 “phoneme
989 1346 90 31 ’’and
1092 1346 55 31 the
1160 1346 169 31 difference
1343 1346 144 31 between
1496 1357 19 20 a
1526 1346 65 41 pho­

405 1402 92 21 neme
505 1392 64 31 and
575 1404 18 19 a
599 1392 230 40 speech-sound
835 1402 76 30 may
915 1392 227 31 beillustrated
1148 1392 45 40 by
1197 1396 146 27 concrete
1349 1393 171 41 examples,
1527 1392 77 31 such

405 1448 34 20 as
452 1437 55 31 the
517 1437 161 41 following
689 1437 98 31 taken
797 1438 82 30 from
889 1438 127 30 various
1027 1438 179 40 languages.
1235 1437 63 31 The
1309 1437 89 31 three
1407 1437 154 31 k-sounds
1573 1438 35 32 of

405 1483 54 31 the
469 1483 132 41 English
608 1484 102 30 words
720 1484 81 41 keep,
811 1489 71 32 cart,
894 1484 65 30 and
968 1484 63 30 cool
1041 1495 59 20 can
1110 1483 39 31 be
1160 1483 99 31 heard
1268 1488 35 26 to
1313 1483 39 32 be
1363 1484 164 37 different;
1545 1495 59 20 one

405 1540 60 21 can
486 1530 67 31 also
575 1528 99 41 easily
692 1530 61 31 feel
774 1528 55 33 the
851 1530 184 32 differences
1061 1531 32 30 in
1118 1530 85 31 their
1224 1540 133 21 manner
1373 1530 36 31 of
1419 1530 184 32 formation.

405 1574 233 38 Nevertheless,
653 1575 82 31 from
749 1575 55 31 the
817 1575 162 41 linguistic
993 1576 92 40 point
1099 1576 36 30 of
1145 1576 81 30 view
1237 1575 80 41 they
1331 1579 97 27 count
1441 1586 35 20 as
1489 1575 29 31 if
1527 1574 80 43 they

405 1631 80 21 were
500 1631 59 21 one
573 1621 64 31 and
651 1621 56 31 the
721 1631 96 21 same.
847 1622 55 30 We
918 1622 90 30 write
1022 1621 90 31 them
1125 1621 218 42 phonetically
1356 1621 79 31 with
1448 1621 55 31 the
1519 1631 85 21 same

404 1666 96 31 letter
516 1667 29 34 k,
564 1667 84 30 since
666 1666 135 41 nothing
816 1667 27 30 is
860 1671 34 26 to
912 1666 38 31 be
967 1666 115 41 gained
1100 1666 45 41 by
1160 1667 93 40 using
1268 1671 145 36 separate
1431 1667 111 30 letters
1559 1667 49 30 for

404 1712 99 31 them.
543 1712 65 31 The
629 1723 86 20 same
734 1713 123 40 applies
876 1717 35 26 to
930 1712 55 31 the
1005 1712 124 31 French
1148 1712 154 31 k-sounds
1320 1713 35 30 in
1374 1712 62 42 qui,
1458 1723 61 27 car,
1541 1723 66 27 cou,

404 1757 103 33 which
540 1757 92 34 differ
665 1757 174 33 somewhat
871 1759 83 31 from
986 1757 55 33 the
1075 1759 246 39 corresponding
1353 1757 135 41 English
1521 1768 86 22 ones.

405 1803 162 42 Similarly
583 1803 55 32 the
656 1804 102 31 sound
776 1815 18 30 q
813 1808 113 27 counts
944 1815 35 19 as
997 1803 95 42 being
1110 1803 19 13 “
1142 1815 19 20 a
1178 1803 79 32 kind
1275 1804 36 30 of
1323 1815 22 19 n
1358 1803 18 13 ”
1394 1804 34 30 in
1446 1803 78 32 such
1541 1803 52 32 lan­

404 1861 117 30 guages
537 1861 35 19 as
588 1850 129 37 Italian,
735 1849 147 42 Spanish,
900 1849 109 38 Czech,
1027 1850 199 41 Hungarian,
1244 1849 102 32 where
1362 1851 26 30 it
1405 1861 108 20 occurs
1530 1850 75 41 only

404 1895 107 32 before
524 1895 78 32 such
617 1900 190 27 consonants
822 1906 33 21 as
869 1897 30 34 k,
914 1906 27 29 g,
956 1906 35 19 or
1007 1897 218 39 x—positions
1242 1895 83 32 from
1338 1895 103 32 which
1454 1895 151 41 ordinary

404 1951 21 20 n
435 1941 26 31 is
474 1941 163 31 excluded.
662 1941 52 40 (In
725 1941 134 41 English
870 1941 63 31 and
947 1941 147 38 German,
1106 1941 156 38 however,
1275 1951 17 30 q
1305 1941 27 31 is
1343 1945 58 27 not
1415 1941 20 13 “
1447 1952 19 20 a
1478 1942 126 40 variety

404 1987 36 30 of
449 1997 20 20 n
483 1987 20 13 ”
517 1997 7 28 ;
549 1997 20 20 n
582 1987 63 31 and
657 1997 18 30 q
691 1997 52 21 are
756 1990 145 37 separate
913 1987 182 40 phonemes,
1110 1997 35 21 as
1157 1988 26 30 is
1196 1987 109 31 shown
1317 1985 46 42 by
1374 1987 55 32 the
1442 1988 160 31 existence

404 2032 36 30 of
449 2031 78 33 such
537 2033 86 41 pairs
635 2032 36 30 of
678 2032 103 31 words
793 2044 34 19 as
839 2032 51 31 sin
901 2032 64 31 and
978 2032 91 41 sing.)
1098 2032 65 31 The
1177 2032 19 13 “
1209 2032 83 32 clear
1303 2035 11 27 1
1327 2032 20 13 ”
1359 2032 77 32 used
1448 2032 46 42 by
1505 2044 99 30 many

404 2078 159 31 Southern
584 2078 133 40 English
739 2079 112 41 people
873 2078 107 31 before
1002 2079 116 30 vowels
1143 2080 46 38 (as
1209 2079 34 30 in
1266 2078 69 42 leaf,
1359 2079 78 39 look)
1461 2079 64 31 and
1547 2078 55 31 the

404 2123 19 13 “
437 2124 80 30 dark
531 2126 11 27 1
557 2123 18 13 ”
591 2124 77 30 used
684 2124 105 32 before
806 2127 192 27 consonants
1014 2124 63 30 and
1092 2123 111 41 finally
1219 2124 46 40 (as
1279 2124 32 30 in
1319 2123 86 42 field,
1415 2124 72 41 feel,
1503 2124 99 40 kettle)

399 2170 140 31 likewise
560 2170 175 31 constitute
757 2181 18 19 a
795 2170 99 40 single
914 2170 167 41 phoneme.
1124 2169 99 31 These
1243 2170 150 31 varieties
1413 2170 36 31 of
1466 2171 21 35 1,
1508 2169 95 42 being

402 2216 198 31 determined
614 2216 195 40 exclusively
822 2216 44 39 by
878 2214 85 32 their
975 2216 166 38 situation,
1158 2219 97 28 count
1268 2226 35 20 as
1316 2216 29 30 if
1355 2216 79 40 they
1447 2226 79 21 were
1542 2226 59 21 one

403 2261 64 30 and
485 2261 55 30 the
559 2272 86 19 same
666 2261 111 39 sound,
797 2261 64 30 and
879 2261 81 41 they
977 2272 54 19 are
1049 2261 202 41 represented
1269 2261 195 42 adequately
1482 2261 45 41 by
1544 2261 55 31 the

402 2307 98 41 single
515 2307 96 31 letter
624 2309 18 27 1.
674 2307 41 31 So
729 2307 65 31 also
810 2307 79 31 with
903 2307 56 31 the
973 2306 124 32 French
1110 2307 150 41 ordinary
1273 2308 12 29 1
1301 2308 45 40 (as
1361 2308 33 30 in
1409 2307 42 39 Id)
1466 2307 64 32 and
1543 2307 56 31 the

404 2351 19 13 “
437 2351 153 34 breathed
605 2352 19 14 ”
653 2355 10 28 1
693 2352 89 41 (used
810 2352 90 32 when
927 2351 78 33 such
1033 2363 19 21 a
1080 2354 86 30 word
1194 2363 35 21 as
1257 2352 82 32 ancle
1365 2354 188 30 terminates
1580 2364 19 20 a

73 2832 145 19 Downloaded
227 2832 55 19 from
293 2832 389 25 https://www.cambridge.org/core.
692 2833 26 18 30
724 2833 37 23 Jun
771 2833 51 18 2021
835 2835 21 16 at
865 2833 102 21 16:11:33,
977 2832 82 25 subject
1066 2835 23 16 to
1097 2832 38 19 the
1144 2832 127 25 Cambridge
1281 2833 52 18 Core
1341 2835 68 16 terms
1417 2832 24 19 of
1448 2838 45 13 use.
