2055 2917
73 2832 145 19 Downloaded
227 2832 55 19 from
293 2832 389 25 https://www.cambridge.org/core.
692 2833 26 18 30
724 2833 37 23 Jun
771 2833 51 18 2021
835 2835 21 16 at
865 2833 102 21 16:11:33,
977 2832 82 25 subject
1066 2835 23 16 to
1097 2832 38 19 the
1144 2832 127 25 Cambridge
1281 2833 52 18 Core
1341 2835 68 16 terms
1417 2832 24 19 of
1448 2838 45 13 use.

1422 94 101 34 Principles
1532 94 24 28 of
1562 94 32 28 the
1603 94 8 28 I
1611 94 25 28 PA
1647 94 71 33 (1949)
1762 97 43 25 357

403 318 43 42 by
455 318 92 33 other
555 318 166 39 members,
731 320 64 31 and
806 320 81 31 after
898 320 227 32 consultations
1136 321 170 41 extending
1316 332 75 20 over
1400 330 86 22 more
1496 321 79 31 than

401 368 64 27 two
482 375 90 30 years
587 364 55 31 the
658 364 70 31 first
743 365 124 31 version
883 365 36 31 of
931 365 56 31 the
1003 365 230 32 International
1249 365 153 33 Phonetic
1417 365 159 42 Alphabet

400 420 64 21 was
481 410 108 31 drawn
603 420 54 30 up.
689 410 34 31 It
738 420 64 21 was
818 410 167 41 published
999 411 34 31 in
1051 411 33 31 ha
1093 411 120 41 fonetik
1228 412 90 37 titcar,
1336 411 134 41 August,
1488 412 87 36 1888,

399 454 145 42 together
559 454 79 32 with
653 466 20 19 a
688 458 49 28 set
754 455 36 31 of
802 455 168 42 principles
985 456 165 41 regarding
1165 456 44 32 its
1225 456 213 32 construction
1455 455 64 31 and
1534 455 43 31 its

398 510 65 21 use.
496 500 97 31 These
609 510 79 21 were
704 510 35 22 as
753 500 120 32 follows
886 512 7 21 :

481 566 43 39 (1)
547 565 97 32 There
655 566 112 31 should
777 566 40 31 be
827 576 19 21 a
856 570 145 38 separate
1011 567 95 32 letter
1115 567 50 31 for
1174 567 77 32 each
1261 567 182 32 distinctive
1454 566 101 32 sound
1568 576 8 27 ;

440 610 73 31 that
529 611 37 38 is,
583 610 49 32 for
649 610 76 32 each
741 611 103 31 sound
860 604 113 47 which,
989 611 95 42 being
1100 612 78 32 used
1193 611 125 33 instead
1335 612 36 32 of
1384 611 142 39 another,
1544 611 33 31 in

440 656 55 31 the
506 666 87 21 same
605 656 162 42 language,
782 668 59 20 can
853 657 118 41 change
982 657 57 32 the
1051 657 147 41 meaning
1210 657 35 31 of
1255 668 18 20 a
1286 657 95 32 word.

482 701 44 40 (2)
546 700 103 32 When
667 712 63 30 any
748 701 101 32 sound
866 702 29 31 is
911 701 100 32 found
1029 702 34 30 in
1080 702 121 31 several
1219 702 177 41 languages,
1415 701 57 31 the
1490 712 85 20 same

440 746 68 41 sign
519 746 114 32 should
643 746 39 32 be
693 747 78 31 used
782 747 33 31 in
826 747 52 32 all.
909 747 75 32 This
995 747 120 41 applies
1126 747 66 31 also
1203 750 35 28 to
1249 758 79 30 very
1337 747 118 31 similar
1466 747 111 30 shades

441 791 36 31 of
484 791 112 31 sound.

482 837 43 39 (3)
548 836 65 32 The
634 836 151 42 alphabet
806 837 114 31 should
940 837 119 31 consist
1081 846 36 21 as
1137 836 96 32 much
1255 848 34 19 as
1310 836 137 40 possible
1468 836 36 31 of
1522 836 55 31 the

441 881 149 41 ordinary
609 881 110 33 letters
741 882 36 30 of
795 881 54 31 the
871 892 111 20 roman
1004 881 160 41 alphabet,
1186 892 35 20 as
1241 881 62 31 few
1322 892 69 19 new
1412 881 110 31 letters
1544 892 35 19 as

441 1017 113 31 should
567 1017 118 32 decide.

483 1062 43 40 (5)
548 1062 66 31 The
632 1073 70 20 new
721 1062 108 32 letters
848 1061 114 31 should
981 1061 39 31 be
1040 1061 176 41 suggestive
1237 1061 36 31 of
1289 1061 54 31 the
1364 1061 116 31 sounds
1500 1061 79 41 they

440 1112 170 36 represent,
623 1107 45 42 by
679 1107 84 32 their
773 1107 210 32 resemblance
997 1110 34 27 to
1045 1107 54 31 the
1112 1107 54 30 old
1178 1116 84 22 ones.

482 1152 43 40 (6)
545 1152 154 32 Diacritic
719 1152 107 31 marks
847 1151 113 31 should
981 1151 40 31 be
1042 1151 145 39 avoided,
1210 1150 94 42 being
1324 1151 109 41 trying
1454 1151 48 31 for
1522 1151 57 30 the

441 1208 72 31 eyes
527 1197 64 32 and
603 1197 211 32 troublesome
829 1200 34 28 to
877 1197 100 31 write.

440 1266 33 32 It
490 1266 64 33 will
570 1266 39 32 be
627 1277 73 21 seen
717 1266 73 32 that
808 1266 79 32 with
904 1266 55 30 the
977 1265 168 42 exception
1163 1265 35 31 of
1215 1266 43 39 (5)
1277 1265 64 31 and
1359 1276 86 20 some
1463 1265 117 41 special

401 1323 86 20 cases
501 1312 125 41 coming
639 1311 100 32 under
754 1312 54 40 (2),
824 1311 91 31 those
929 1311 168 41 principles
1112 1311 66 31 still
1190 1311 77 31 hold
1280 1311 81 41 good
1375 1311 122 41 to-day.
1529 1310 51 39 (In

399 1356 113 42 regard
541 1360 34 28 to
609 1358 43 38 (5)
683 1357 28 31 it
740 1356 27 32 is
796 1367 72 20 now
898 1355 184 32 considered
1111 1356 74 30 that
1215 1355 110 31 letters
1355 1355 113 31 should
1497 1355 82 31 have

401 1402 233 32 unmistakable
651 1402 108 38 forms,
778 1402 64 30 and
860 1401 38 31 be
916 1412 35 20 as
969 1401 107 31 unlike
1094 1401 78 31 each
1190 1401 91 31 other
1298 1412 35 20 as
1351 1400 159 42 possible.)
1546 1400 34 31 It

402 1448 63 31 will
477 1446 40 32 be
531 1446 152 33 observed
698 1451 54 28 too
766 1446 73 32 that
856 1447 43 39 (1)
914 1446 27 31 is
956 1457 42 19 an
1011 1446 88 41 early
1112 1449 173 27 statement
1299 1445 36 31 of
1346 1445 87 31 what
1448 1456 45 20 we
1508 1456 72 20 now

401 1492 60 32 call
475 1492 54 32 the
545 1492 20 13 “
577 1492 166 41 phonemic
757 1492 18 13 ”
789 1491 152 42 principle
956 1492 36 30 of
1003 1491 135 41 writing.

442 1538 39 31 In
497 1539 87 37 1888,
599 1537 90 32 when
703 1536 55 32 the
772 1536 226 32 international
1011 1536 163 31 character
1187 1535 36 31 of
1233 1535 56 31 the
1303 1535 198 31 Association
1514 1545 66 21 was

402 1582 146 42 formally
563 1582 180 41 recognised
760 1582 64 31 and
841 1582 90 30 when
948 1581 55 31 the
1021 1581 69 31 first
1107 1581 224 31 international
1348 1580 150 42 alphabet
1515 1580 65 31 had

401 1627 80 32 been
494 1628 158 40 designed,
667 1628 26 30 it
706 1638 65 21 was
783 1626 141 39 decided,
938 1637 35 19 as
986 1626 82 30 from
1081 1626 153 41 January,
1251 1627 76 30 1889
1341 1636 6 21 :
1375 1626 43 39 (1)
1431 1629 35 27 to
1479 1625 100 41 adopt

403 1673 121 31 French
536 1684 35 20 as
581 1672 56 32 the
649 1672 114 32 official
772 1672 153 41 language
937 1672 36 30 of
980 1671 56 31 the
1047 1671 198 31 Association
1258 1682 7 27 ;
1292 1672 43 38 (2)
1347 1674 35 28 to
1394 1671 119 39 change
1523 1671 56 30 the

403 1729 92 20 name
513 1718 36 31 of
561 1718 56 31 the
633 1718 121 42 society
770 1721 35 27 to
821 1716 37 32 L’
860 1716 192 32 Association
1070 1716 183 41 Phonetique
1269 1716 50 30 des
1336 1715 190 42 Professeurs
1543 1715 37 31 de

403 1764 139 39 Langues
557 1763 162 39 Vivantes;
743 1764 44 38 (3)
797 1766 35 27 to
844 1762 119 41 change
973 1761 56 31 the
1039 1761 73 31 title
1124 1761 36 31 of
1166 1761 55 31 the
1232 1761 126 41 journal
1366 1764 34 27 to
1412 1761 43 31 Le
1465 1761 116 30 Maitre

405 1808 276 42 Phonitique—the
698 1808 73 32 title
789 1806 102 33 which
909 1806 27 32 it
955 1806 57 32 has
1030 1806 97 30 borne
1147 1816 73 20 ever
1238 1806 92 31 since.
1369 1805 39 31 In
1430 1806 75 30 1897
1524 1804 56 31 the

403 1864 92 20 name
507 1854 36 30 of
551 1853 56 31 the
619 1853 120 41 society
749 1863 64 21 was
825 1851 121 32 altered
958 1862 76 21 once
1047 1862 95 27 more,
1156 1851 63 31 and
1231 1851 26 31 it
1269 1851 128 31 became
1409 1851 114 30 known
1535 1850 45 40 by

403 1899 42 31 its
459 1902 126 38 present
599 1898 72 32 title
686 1898 230 32 L'Association
931 1896 184 41 Phonetique
1130 1895 246 32 Internationale.

443 1944 65 30 The
525 1943 132 41 original
674 1942 230 32 International
920 1941 154 31 Phonetic
1090 1940 160 42 Alphabet
1267 1941 35 31 of
1318 1941 77 31 1888
1412 1940 168 31 contained

405 1988 88 42 quite
501 2000 19 19 a
529 1988 133 32 number
671 1988 36 31 of
712 1988 55 31 the
777 1988 116 42 special
901 1986 110 34 letters
1019 1986 78 30 used
1106 1986 122 41 to-day,
1238 1985 60 31 but
1307 1985 27 31 it
1343 1996 64 20 was
1415 1984 166 42 imperfect

404 2034 32 30 in
461 2034 126 31 various
612 2037 147 37 respects.
819 2032 65 31 The
910 2031 128 33 Council
1061 2031 59 31 has
1144 2031 210 41 accordingly,
1380 2031 85 30 since
1492 2030 87 37 1889,

405 2079 125 31 worked
554 2078 241 42 unremittingly
818 2081 35 28 to
877 2076 129 41 remedy
1030 2076 130 37 defects,
1185 2075 178 41 improving
1384 2086 89 30 upon
1496 2074 84 41 signs

405 2124 102 32 which
518 2124 121 41 proved
651 2123 246 40 unsatisfactory
910 2121 64 32 and
986 2121 174 41 extending
1171 2121 55 31 the
1239 2120 151 42 alphabet
1402 2123 35 28 to
1450 2119 131 41 provide

404 2169 49 31 for
470 2169 168 42 languages
656 2168 102 32 which
775 2168 63 31 had
855 2171 59 28 not
931 2166 142 32 received
1090 2165 231 31 consideration
1339 2169 34 27 at
1390 2165 55 30 the
1465 2167 115 28 outset.

405 2214 65 32 The
485 2214 100 32 result
601 2214 26 30 is
643 2214 73 30 that
733 2224 45 20 we
795 2224 71 20 now
881 2212 82 31 have
981 2223 18 19 a
1016 2216 121 37 system
1153 2210 111 39 which,
1281 2211 122 39 though
1420 2210 161 31 doubtless

404 2259 131 42 capable
549 2259 36 31 of
596 2259 66 31 still
674 2258 123 32 further
811 2258 240 42 improvement,
1066 2256 27 31 is
1108 2267 18 19 a
1141 2266 78 31 very
1233 2255 143 31 effective
1391 2255 191 31 instrument

1321 2344 144 31 [continued
1475 2342 111 32 overleaf

440 927 137 41 possible
589 926 93 42 being
694 927 87 32 used.

483 972 43 40 (4)
547 971 39 31 In
597 971 157 42 assigning
765 971 108 31 values
883 975 36 27 to
928 971 55 31 the
994 982 112 20 roman
1117 971 118 39 letters,
1247 971 227 31 international
1483 982 95 30 usage
