2055 2917
1422 94 101 34 Principles
1532 94 24 28 of
1562 94 32 28 the
1603 94 8 28 I
1611 94 25 28 PA
1647 94 71 33 (1949)
1762 97 43 25 355

751 298 246 44 Reglement
1023 298 197 37 interieur

457 372 49 36 de
549 371 284 39 !’Association
874 374 257 44 Phonetique
1175 374 323 37 Internationale

837 519 54 29 LE
921 519 200 30 CONSEIL,

427 572 60 31 Les
503 573 159 31 membres
680 573 44 31 du
742 573 132 37 Conseil,
895 584 42 20 au
953 573 132 31 nombre
1103 573 40 31 de
1161 575 48 36 30,
1229 578 72 26 sont
1321 574 64 31 elus
1402 585 82 30 pour
1501 574 84 30 deux

388 635 58 21 ans
467 635 59 30 par
549 623 44 33 les
615 624 167 39 membres,
806 635 42 21 au
869 624 122 33 scrutin
1013 626 40 30 de
1076 624 81 33 liste,
1204 624 43 33 Ils
1270 626 131 31 doivent
1423 629 75 28 tous
1520 629 66 28 etre

386 676 157 31 membres
561 677 92 31 actifs
673 688 40 19 ou
731 677 190 31 honoraires.

428 748 44 31 Le
484 748 123 31 Conseil
617 748 113 31 choisit
741 748 79 31 dans
831 759 58 20 son
898 749 67 30 sein
975 759 44 20 un
1030 749 127 30 Bureau
1168 759 147 31 compose
1324 749 79 30 d’un
1413 749 170 40 president,

386 801 85 31 deux
491 800 269 42 vice-presidents,
784 812 43 19 un
847 800 165 32 secretaire
1033 804 32 28 et
1087 812 43 20 un
1150 801 155 31 tresorier.
1348 801 60 31 Les
1429 800 157 32 titulaires

386 852 39 32 de
442 863 51 21 ces
508 852 132 41 emplois
657 857 72 27 sont
745 852 146 41 toujours
907 852 182 41 reeligibles.

827 1002 81 30 LES
938 1002 235 30 MEMBRES,

429 1058 84 30 Tous
524 1056 44 32 les
580 1056 156 32 membres
749 1060 126 28 versent
887 1067 45 21 un
944 1056 84 32 droit
1040 1058 140 30 d’entree
1192 1056 39 32 de
1244 1058 18 30 4
1274 1055 140 42 shillings
1427 1056 156 41 (anglais).

387 1109 43 31 Ils
448 1109 161 41 re9oivent
627 1120 40 19 en
685 1109 136 41 echange
839 1120 45 19 un
902 1109 121 30 certain
1039 1108 132 31 nombre
1189 1109 38 30 de
1245 1108 222 42 publications.

427 1181 60 31 Les
509 1180 159 32 membres
692 1180 169 31 adherents
886 1184 127 27 versent
1037 1191 41 20 en
1101 1184 91 27 outre
1217 1191 62 19 une
1304 1180 170 31 cotisation
1498 1180 40 30 de
1564 1182 18 29 8

387 1233 140 41 shillings
551 1244 58 30 par
633 1244 50 20 an.
734 1232 43 32 Ils
801 1233 161 41 resolvent
987 1234 41 30 Le
1053 1233 113 31 Maitre
1191 1234 193 36 Phonetique
1408 1235 33 28 et
1466 1232 119 42 parfois

387 1286 140 31 d’autres
539 1284 222 42 publications.
788 1284 43 32 Ils
843 1288 142 37 peuvent
997 1284 130 32 devenir
1138 1284 157 30 membres
1309 1295 18 19 a
1340 1284 50 30 vie
1403 1294 39 20 en
1455 1288 130 26 versant

387 1340 18 28 6
421 1338 94 30 livres
532 1337 130 41 sterling
677 1348 62 20 une
755 1337 60 31 fois
832 1348 81 30 pour
928 1340 117 28 toutes.

427 1409 60 30 Les
505 1409 156 30 membres
679 1408 102 37 actifs,
802 1408 53 41 qui
873 1412 247 37 entreprennent
1138 1408 39 31 de
1195 1418 154 31 propager
1366 1407 45 31 les
1429 1408 157 41 principes

387 1462 38 30 de
449 1461 232 38 l’Association,
706 1464 127 28 versent
857 1472 62 19 une
943 1460 171 32 cotisation
1137 1458 145 33 annuelle
1305 1460 40 30 de
1371 1461 36 29 12
1432 1458 150 42 shillings.

387 1514 44 31 Ils
451 1514 162 40 re§oivent
633 1514 84 30 deux
737 1512 206 41 exemplaires
965 1512 45 32 du
1029 1512 114 32 Maitre
1163 1512 204 38 Phonetique,
1388 1511 67 31 l’un
1474 1511 40 31 de
1534 1522 52 20 ces

386 1565 206 42 exemplaires
615 1569 90 26 etant
728 1565 122 30 destine
873 1576 18 19 a
913 1564 31 31 la
965 1564 214 42 propagande.
1225 1563 43 32 Ils
1289 1568 142 37 peuvent
1454 1563 131 31 devenir

387 1618 156 31 membres
565 1629 19 20 a
607 1618 49 30 vie
679 1629 39 19 en
740 1620 129 28 versant
892 1619 17 29 9
932 1617 95 31 livres
1048 1616 130 42 sterling
1201 1628 60 19 une
1282 1616 60 31 fois
1364 1626 81 30 pour
1466 1619 116 28 toutes.

428 1690 84 30 Tous
530 1689 44 31 les
593 1689 156 30 membres
769 1692 56 27 ont
845 1688 84 31 droit
949 1689 38 30 de
1007 1691 75 28 vote
1102 1698 81 30 pour
1201 1688 19 30 F
1225 1688 133 30 election
1377 1686 43 32 du
1441 1685 142 39 Conseil;

387 1742 79 31 mais
484 1742 45 31 les
547 1744 91 29 votes
655 1742 55 30 des
728 1740 156 32 membres
902 1739 93 33 actifs
1013 1743 166 37 comptent
1196 1738 125 31 double.

833 1832 185 40 (Approuve
1035 1833 101 39 1930.)

73 2832 145 19 Downloaded
227 2832 55 19 from
293 2832 389 25 https://www.cambridge.org/core.
692 2833 26 18 30
724 2833 37 23 Jun
771 2833 51 18 2021
835 2835 21 16 at
865 2833 102 21 16:11:33,
977 2832 82 25 subject
1066 2835 23 16 to
1097 2832 38 19 the
1144 2832 127 25 Cambridge
1281 2833 52 18 Core
1341 2835 68 16 terms
1417 2832 24 19 of
1448 2838 45 13 use.
