2055 2917
251 97 42 25 306
338 94 74 28 Journal
424 94 19 28 of
452 94 31 28 the
495 94 127 28 International
635 94 88 28 Phonetic
734 94 124 28 Association:
870 94 35 28 The
918 94 126 28 International
1057 94 88 28 Phonetic
1157 94 90 34 Alphabet

408 293 17 29 6

787 299 65 21 THE
873 298 194 23 PRINCIPLES
1089 298 40 22 OP
1151 298 64 22 THE

449 385 46 28 13.
539 382 174 35 Secondary
740 382 143 30 Cardinal
905 382 130 30 Vowels.
1080 380 38 31 In
1152 380 55 31 tlie
1241 380 205 31 articulation
1479 380 36 30 of
1545 380 54 32 the

405 427 300 32 above-mentioned
721 427 86 39 eight
824 427 141 30 cardinal
979 425 116 32 vowels
1111 425 54 32 the
1181 425 60 41 lips
1257 436 52 19 are
1325 425 33 30 in
1374 425 55 32 the
1445 425 154 41 positions

404 473 103 32 which
531 477 86 28 most
641 472 181 41 commonly
846 483 197 30 accompany
1065 471 56 31 the
1145 475 118 37 tongue
1287 471 165 41 positions.
1503 471 94 40 Thus,

404 521 19 34 i,
438 530 24 25 e,
477 530 26 25 £,
518 530 18 20 a
547 519 62 31 and
624 529 19 20 a
655 519 82 31 have
753 518 18 12 “
785 518 112 42 spread
915 517 18 13 ”
949 529 35 19 or
999 517 18 13 “
1031 518 124 30 neutral
1170 517 18 12 ”
1201 517 46 40 lip
1261 517 230 38 articulations,
1507 517 91 33 while

405 575 24 26 o,
453 575 16 21 o
491 566 63 30 and
575 575 20 20 u
614 575 52 21 are
686 565 124 30 formed
829 563 78 32 with
927 563 148 32 different
1100 563 126 41 degrees
1251 562 35 30 of
1307 562 289 41 “lip-rounding”.

404 611 28 30 A
452 615 48 26 set
521 611 34 30 of
572 610 175 41 secondary
767 610 140 31 cardinal
926 609 117 31 vowels
1063 610 133 30 consists
1217 608 34 31 of
1268 608 117 31 vowels
1404 608 119 41 having
1542 608 55 32 the

403 668 86 20 same
503 661 117 36 tongue
633 656 155 41 positions
800 655 60 31 but
873 656 148 30 different
1032 655 45 40 lip
1089 655 165 40 positions.
1280 655 39 30 In
1332 655 55 30 the
1400 653 153 42 alphabet
1565 656 34 31 of

403 703 54 30 the
476 703 195 31 Association
689 701 184 41 Phonetique
891 700 239 31 Internationale
1147 700 89 30 these
1253 711 52 19 are
1325 700 138 30 denoted
1481 700 44 40 by
1542 700 55 33 the

403 749 109 30 letters
529 759 29 26 y,
571 757 25 27 0,
609 759 34 25 ce,
656 766 47 18 —,
715 758 28 24 p,
757 757 28 25 a,
797 757 28 26 y,
836 757 37 20 hi.
909 746 88 41 They
1013 757 52 20 are
1082 745 155 42 arranged
1253 757 42 19 on
1310 746 55 31 the
1382 746 101 30 vowel
1499 746 98 41 figure

403 795 32 30 in
452 795 55 30 the
527 806 85 19 same
630 805 132 20 manner
780 803 33 20 as
831 793 56 30 the
905 793 142 36 primary
1064 791 142 32 cardinal
1223 791 126 38 vowels,
1367 791 49 32 i.e.
1436 802 35 19 as
1489 791 108 33 shown

402 841 32 30 in
450 841 66 40 Fig.
534 842 27 29 3.

446 887 46 30 14.
536 885 148 32 Cardinal
708 896 20 26 y
753 885 64 30 and
843 892 16 24 0
885 884 82 31 have
992 884 55 31 the
1073 887 117 38 tongue
1215 883 158 42 positions
1398 884 36 30 of
1457 884 140 31 cardinal

402 934 11 28 i
432 932 62 30 and
515 941 15 21 e
548 931 167 32 combined
732 931 79 31 with
830 929 19 14 “
863 929 80 32 close
959 929 18 12 ”
995 929 224 41 lip-rounding.
1257 928 147 31 Cardinal
1423 940 25 19 ce
1466 929 58 30 has
1541 929 55 32 the

403 981 116 37 tongue
536 977 138 41 position
690 977 36 30 of
739 976 139 31 cardinal
896 986 16 20 e
929 975 166 31 combined
1111 975 79 31 with
1207 974 18 12 “
1238 986 82 30 open
1334 974 19 13 ”
1369 975 226 41 lip-rounding.

403 1023 146 31 Cardinal
571 1035 18 20 p
612 1023 57 31 has
691 1023 55 30 the
768 1025 119 38 tongue
908 1022 141 41 position
1070 1021 36 31 of
1125 1021 141 31 cardinal
1287 1030 20 21 a
1328 1021 168 31 combined
1518 1021 78 31 with

404 1069 19 11 “
437 1080 80 30 open
533 1069 18 13 ”
563 1069 225 40 lip-rounding.
819 1067 147 31 Cardinal
978 1077 27 26 a,
1020 1077 29 25 y,
1062 1077 29 19 tit
1105 1066 80 31 have
1199 1066 54 31 the
1266 1070 117 37 tongue
1395 1066 156 41 positions
1565 1067 34 30 of

402 1115 141 31 cardinal
560 1125 24 26 o,
603 1125 26 25 o,
647 1125 20 19 u
684 1114 167 31 combined
867 1113 81 31 with
962 1112 238 42 lip-spreading.
1235 1112 49 31 No
1302 1112 125 42 symbol
1443 1112 57 31 has
1518 1112 79 32 been

398 1803 139 41 adopted
554 1802 49 31 for
619 1814 19 19 a
654 1803 101 31 vowel
770 1803 119 41 having
905 1802 55 32 the
977 1806 117 36 tongue
1110 1804 140 40 position
1267 1803 35 30 of
1316 1803 139 30 cardinal
1473 1814 18 19 a
1509 1814 70 20 com­

398 1848 95 30 bined
515 1848 79 32 with
613 1848 227 41 lip-rounding,
863 1850 84 30 since
968 1848 65 30 this
1063 1848 102 30 sound
1194 1848 56 30 has
1279 1852 58 26 not
1365 1859 35 19 as
1429 1852 55 37 yet
1513 1848 79 32 been

397 1894 101 30 found
518 1898 35 26 to
570 1905 93 20 occur
677 1894 33 30 in
726 1905 63 30 any
803 1894 154 41 language
973 1905 34 19 as
1022 1905 19 19 a
1056 1894 156 41 phoneme
1227 1898 146 37 separate
1387 1894 84 30 from
1485 1905 36 20 oe.

440 1941 46 30 15.
530 1940 33 30 It
575 1941 25 30 is
614 1940 189 31 convenient
816 1943 33 27 to
864 1940 44 30 fix
920 1943 63 28 two
997 1938 91 33 other
1101 1940 141 31 cardinal
1254 1940 115 30 vowels
1382 1940 79 31 with
1473 1943 118 37 tongue

396 1985 156 41 positions
566 1985 222 31 intermediate
804 1985 143 31 between
962 1985 90 30 those
1069 1985 35 30 of
1116 1986 12 29 i
1143 1985 63 30 and
1221 1995 27 20 u.
1283 1985 87 41 They
1385 1996 52 20 are
1454 1985 137 31 denoted

396 2031 44 41 by
452 2033 15 28 i
480 2031 63 30 and
558 2040 27 27 a,
600 2033 14 28 i
626 2031 119 41 having
757 2031 113 41 spread
882 2031 61 41 lips
957 2031 64 30 and
1035 2040 20 21 a
1067 2031 142 30 rounded
1220 2031 71 41 lips.

439 2078 47 30 16.
529 2078 124 30 Central
669 2078 130 31 Vowels.
843 2076 123 33 Vowels
983 2076 140 30 situated
1140 2087 42 19 on
1199 2076 54 30 the
1269 2076 63 30 line
1350 2079 44 27 i-a
1412 2087 35 19 or
1464 2088 75 20 near
1556 2081 34 27 to

396 2123 26 30 it
438 2133 53 20 are
506 2122 55 31 the
581 2123 16 11 “
611 2123 86 30 front
711 2122 20 13 ”
747 2122 125 38 vowels,
890 2122 150 31 so-called
1056 2133 41 20 on
1113 2126 136 27 account
1265 2123 34 30 of
1313 2123 82 30 their
1411 2134 132 19 manner
1559 2123 34 30 of

396 2168 173 31 formation
583 2168 46 40 by
642 2169 55 30 the
713 2172 135 36 tongue;
876 2169 91 30 those
983 2168 140 31 situated
1139 2178 40 21 on
1195 2168 54 31 the
1263 2168 64 31 line
1343 2178 19 21 a
1375 2178 20 21 n
1411 2178 35 21 or
1460 2169 131 41 slightly

396 2214 32 30 in
445 2214 142 30 advance
603 2214 36 30 of
650 2214 27 30 it
693 2225 52 19 are
762 2214 55 30 the
835 2213 19 12 “
866 2213 83 31 back
963 2213 18 12 ”
998 2214 126 30 vowels.
1157 2213 43 31 As
1217 2214 54 30 the
1287 2214 144 30 distance
1447 2213 143 31 between

396 2261 11 28 i
417 2259 64 31 and
491 2270 20 19 u
522 2260 45 40 (in
577 2264 97 26 terms
685 2260 36 30 of
727 2264 118 36 tongue
855 2260 152 40 position)
1017 2260 27 30 is
1055 2259 94 31 much
1159 2264 124 36 greater
1291 2259 80 31 than
1382 2259 55 31 the
1447 2260 143 30 distance

396 2304 143 32 between
557 2315 19 21 a
594 2306 63 30 and
675 2315 28 25 a,
721 2306 26 30 it
765 2306 64 30 will
846 2306 38 30 be
903 2315 74 21 seen
993 2304 83 32 from
1094 2304 66 41 Fig.
1181 2306 19 30 4
1217 2304 73 32 that
1307 2306 90 30 there
1413 2306 27 30 is
1459 2316 41 20 an
1518 2316 72 20 area

395 2350 135 41 roughly
552 2351 175 40 triangular
749 2351 32 30 in
805 2351 96 41 shape
925 2350 103 31 which
1051 2355 160 36 separates
1233 2350 56 32 the
1310 2350 88 32 front
1422 2351 63 31 and
1508 2350 82 32 back

720 1644 69 24 Front
882 1644 61 26 Back

678 1698 59 26 Pig.
755 1700 16 22 4

1257 1698 59 26 PiG.
1335 1698 15 23 S

1316 1647 73 24 Front
1488 1646 62 25 Back

73 2832 145 19 Downloaded
227 2832 55 19 from
293 2832 389 25 https://www.cambridge.org/core.
692 2833 26 18 30
724 2833 37 23 Jun
771 2833 51 18 2021
835 2835 21 16 at
865 2833 102 21 16:11:33,
977 2832 82 25 subject
1066 2835 23 16 to
1097 2832 38 19 the
1144 2832 127 25 Cambridge
1281 2833 52 18 Core
1341 2835 68 16 terms
1417 2832 24 19 of
1448 2838 45 13 use.
