2069 2927
86 2841 145 19 Downloaded
241 2841 54 19 from
306 2839 389 26 https://www.cambridge.org/core.
705 2839 26 19 30
737 2839 37 23 Jun
784 2839 51 18 2021
848 2841 21 16 at
879 2838 101 21 16:11:33,
990 2837 82 25 subject
1080 2840 22 16 to
1111 2837 37 19 the
1157 2836 127 25 Cambridge
1294 2837 52 18 Core
1355 2838 21 16 te
1379 2841 43 13 rms
1430 2841 13 13 °
1444 2835 10 19 f
1461 2841 39 13 use
1503 2851 3 3 .

252 106 41 24 300
339 102 73 28 Journal
425 102 18 27 of
453 102 30 27 the
496 101 126 28 International
636 101 87 27 Phonetic
736 101 122 27 Association:
871 100 34 27 The
919 99 125 28 International
1058 99 87 27 Phonetic
1159 99 88 33 Alphabet

812 303 30 33 A
874 303 147 34 SHORT
1054 304 199 33 HISTORY

951 380 47 26 OP
1022 380 74 26 THE

507 439 289 35 ASSOCIATION
825 435 293 47 PHONETIQTJE
1148 441 398 34 INTERNATIONALE

454 512 67 33 The
551 512 201 34 Association
782 513 191 43 Phonitique
1002 513 248 34 Internationale
1280 514 48 41 (in
1357 513 148 43 English,
1536 515 89 33 Inter­

411 558 145 34 national
569 558 151 35 Phonetic
734 559 211 41 Association,
961 560 35 32 in
1012 560 152 41 German,
1185 560 370 43 Weldautschriftverein)
1571 572 66 24 was

411 605 217 44 inaugurated
651 606 36 33 in
712 608 90 38 1886,
827 607 105 32 under
954 607 58 33 the
1035 607 75 33 title
1134 607 38 33 of
1198 607 66 33 The
1293 607 151 34 Phonetic
1475 608 161 34 Teachers'

412 653 211 41 Association,
641 653 47 43 by
705 665 19 21 a
742 653 96 34 small
853 665 104 32 group
975 655 37 32 of
1026 655 159 42 language
1203 654 148 33 teachers
1368 655 35 32 in
1421 655 124 32 France
1564 655 73 34 who

411 700 67 32 had
496 700 103 32 found
617 700 155 43 phonetic
790 700 118 43 theory
926 700 67 34 and
1009 700 156 43 phonetic
1183 701 234 44 transcription
1435 702 39 32 of
1488 703 96 31 value
1602 702 34 34 in

412 747 181 33 connexion
617 747 82 33 with
723 747 86 33 their
833 748 100 40 work,
965 747 67 34 and
1062 748 74 33 who
1161 748 122 33 wished
1307 752 36 29 to
1367 749 186 43 popularise
1578 750 57 32 the

411 793 153 34 methods
583 794 77 33 that
681 794 81 43 they
781 794 68 33 had
868 794 104 33 found
993 806 37 21 so
1050 795 117 33 useful.
1209 795 31 34 A
1259 794 131 44 journal
1410 795 139 34 entitled
1570 797 67 33 DM

411 840 134 34 Fon&tik
558 841 104 33 Titcer
673 852 66 22 was
752 842 129 32 started
893 842 35 32 in
940 842 79 43 May
1031 842 37 32 of
1078 842 76 32 that
1167 853 87 31 year,
1269 842 104 33 under
1384 842 57 33 the
1456 843 179 44 editorship

411 888 37 31 of
456 888 97 32 Paul
564 888 122 34 Passy.
712 888 33 33 It
756 899 67 22 was
835 899 20 22 a
867 888 121 44 unique
1000 889 187 43 periodical,
1199 889 35 32 in
1245 889 76 32 that
1332 890 46 31 its
1390 894 150 29 contents
1552 902 83 21 were

410 934 132 44 printed
559 935 141 43 entirely
715 935 35 32 in
767 935 155 43 phonetic
937 935 190 44 transcript.

452 982 46 32 At
516 982 73 32 first
607 982 58 32 the
683 982 205 34 Association
912 982 180 34 concerned
1109 982 95 34 itself
1222 983 124 43 mainly
1366 983 81 32 with
1463 984 173 42 phonetics

410 1039 36 21 as
469 1029 132 43 applied
623 1032 36 30 to
682 1029 57 32 the
761 1029 153 43 teaching
936 1029 38 33 of
992 1029 149 43 English,
1163 1029 62 33 but
1247 1029 57 33 the
1327 1029 219 45 membership
1570 1043 65 20 was

410 1075 234 34 international
660 1077 86 31 from
762 1076 57 33 the
836 1088 82 31 very
934 1080 97 29 start.
1068 1076 240 44 (Incidentally,
1328 1077 92 33 Otto
1438 1077 198 34 Jespersen

410 1121 133 34 became
572 1134 20 21 a
620 1122 145 34 member
795 1122 35 34 in
863 1124 96 38 June,
994 1125 90 37 1886,
1117 1124 172 33 Wilhelm
1318 1124 134 33 Vietor
1481 1124 34 33 in
1544 1124 90 44 July,

413 1170 90 40 1886,
516 1170 131 33 Henry
660 1169 121 34 Sweet
793 1170 65 33 and
871 1171 31 33 J.
917 1171 39 32 A.
971 1171 167 32 Lundell
1151 1171 33 32 in
1197 1171 201 43 September,
1415 1172 104 41 1886.)
1545 1171 87 34 Soon

410 1228 19 20 a
445 1216 142 32 demand
601 1228 91 21 arose
707 1217 51 31 for
771 1217 155 42 phonetic
939 1221 92 29 texts
1044 1217 36 33 in
1093 1217 174 43 languages
1283 1218 93 32 other
1389 1218 83 32 than
1487 1218 147 43 English,

410 1263 66 32 and
492 1263 51 33 for
560 1264 130 32 articles
708 1263 129 43 dealing
854 1264 82 33 with
951 1264 130 42 general
1097 1264 156 43 phonetic
1268 1264 174 42 problems.
1478 1265 67 32 The
1563 1266 72 32 first

411 1309 38 33 of
465 1309 93 33 these
578 1314 91 29 texts
692 1311 138 41 (French
851 1311 66 32 and
938 1311 155 42 German)
1113 1322 83 23 were
1217 1310 174 44 published
1411 1311 36 33 in
1466 1313 58 31 the
1545 1313 88 42 May,

411 1358 90 39 1887,
514 1357 86 33 issue
613 1357 37 32 of
658 1357 58 33 the
728 1357 139 43 journal,
879 1358 58 32 the
949 1358 74 32 title
1036 1358 38 32 of
1082 1358 107 32 which
1201 1370 66 20 was
1279 1358 80 32 then
1370 1358 132 43 printed
1514 1359 52 33 for
1577 1359 57 33 the

409 1404 72 32 first
497 1404 81 33 time
595 1415 36 22 as
648 1404 57 33 dhd
714 1404 123 43 fonetik
853 1406 95 31 titcor.
951 1406 13 20 1

452 1450 67 33 The
530 1450 266 34 administration
807 1451 38 33 of
852 1451 57 33 the
920 1451 205 34 Association
1136 1462 67 22 was
1214 1455 37 29 at
1262 1452 72 33 first
1345 1452 60 32 left
1416 1453 33 31 in
1461 1453 57 32 the
1530 1453 105 33 hands

409 1498 37 31 of
465 1509 19 20 a
507 1498 195 32 Committee
727 1498 37 32 of
782 1498 160 33 members
963 1499 143 32 resident
1128 1499 36 32 in
1184 1498 102 33 Paris.
1325 1500 34 31 It
1380 1499 133 33 became
1538 1500 96 40 clear,

409 1543 159 41 however,
582 1545 86 32 after
684 1557 20 20 a
721 1545 92 32 short
829 1546 91 39 time,
938 1546 76 31 that
1030 1545 29 32 it
1075 1545 109 33 would
1200 1545 41 34 be
1257 1545 180 43 preferable
1450 1550 36 28 to
1496 1546 83 33 elect
1592 1558 43 21 an

409 1591 239 33 International
665 1593 133 31 Council
817 1596 34 28 to
874 1592 75 33 look
970 1593 87 32 after
1077 1593 57 32 the
1156 1593 232 33 Association’s
1406 1593 120 33 affairs.
1567 1594 67 32 The

409 1638 196 33 Committee
620 1650 68 21 was
704 1639 206 43 accordingly
925 1640 151 42 replaced
1088 1640 47 42 by
1143 1651 43 20 an
1199 1639 240 34 International
1450 1640 135 33 Council
1599 1641 35 32 in

410 1686 90 37 1888,
518 1685 66 32 and
600 1685 57 32 the
671 1685 109 43 policy
795 1686 65 32 and
874 1686 90 32 work
979 1687 37 31 of
1027 1686 56 32 the
1099 1686 204 33 Association
1317 1687 84 32 have
1417 1686 81 33 been
1514 1687 119 43 guided

407 1732 46 42 by
467 1732 81 32 such
562 1744 19 19 a
596 1732 132 33 Council
741 1744 74 22 ever
827 1732 98 34 since.

449 1779 128 43 During
589 1779 57 32 the
659 1779 72 33 first
743 1783 66 28 two
821 1791 94 31 years
928 1779 36 32 of
974 1780 56 31 the
1043 1779 232 34 Association’s
1288 1780 140 44 activity
1439 1791 21 21 a
1472 1781 163 32 tentative

408 1830 125 38 system
548 1826 36 32 of
594 1826 156 42 phonetic
764 1827 234 42 transcription
1013 1838 66 21 was
1095 1826 171 43 employed
1281 1826 45 43 by
1339 1827 58 33 the
1411 1827 116 33 editor.
1558 1828 77 32 This

408 1884 82 31 gave
507 1873 92 42 place
617 1877 35 28 to
670 1873 139 33 another
825 1873 163 33 tentative
1005 1873 128 33 scheme
1151 1874 35 31 in
1202 1874 159 42 January,
1382 1875 90 33 1888.
1506 1874 129 43 During

407 1919 94 32 those
521 1930 94 31 years
634 1920 58 32 the
712 1920 204 33 Association
935 1919 67 33 had
1021 1931 43 21 no
1084 1920 180 43 particular
1282 1921 109 43 policy
1409 1921 35 32 in
1462 1921 116 43 regard
1597 1926 37 28 to

406 1967 246 42 transcription,
669 1967 66 31 and
749 1967 221 33 contributors
984 1971 37 29 to
1036 1966 58 34 the
1109 1967 129 44 journal
1252 1967 80 33 used
1347 1968 132 32 various
1493 1973 142 37 systems

406 2012 34 33 in
453 2012 87 33 their
552 2014 139 32 articles.
720 2014 66 32 The
799 2014 74 32 idea
886 2014 37 32 of
933 2014 213 42 establishing
1159 2025 20 21 a
1191 2014 154 42 phonetic
1359 2014 157 44 alphabet
1528 2015 107 33 which

406 2059 117 33 should
538 2059 39 33 be
593 2061 181 42 applicable
789 2064 36 29 to
839 2061 43 32 all
897 2061 174 43 languages
1085 2072 66 21 was
1165 2060 71 34 first
1251 2065 61 38 put
1325 2061 142 33 forward
1481 2062 46 43 by
1542 2063 93 32 Otto

407 2107 197 33 Jespersen
618 2107 35 32 in
673 2118 21 21 a
708 2107 97 33 letter
819 2111 36 28 to
869 2108 97 32 Paul
979 2108 113 32 Passy
1107 2108 105 32 which
1226 2119 67 21 was
1305 2108 201 43 reproduced
1519 2109 35 32 in
1570 2109 67 33 DM

408 2154 133 33 Fonetik
557 2154 109 40 Titter,
681 2154 97 40 June,
794 2156 89 31 1886.
911 2153 78 34 This
1001 2155 74 32 idea
1089 2166 66 21 was
1168 2155 101 32 taken
1279 2166 46 32 up
1338 2155 82 32 with
1433 2156 203 33 enthusiasm

442 2237 9 16 1
462 2237 81 25 Prom
556 2237 164 32 September,
736 2238 73 30 1887,
822 2241 30 23 to
865 2237 74 34 July,
954 2238 76 29 1888,
1042 2237 48 27 the
1102 2238 60 26 title
1175 2246 55 18 was
1242 2236 108 35 printed
1362 2247 30 17 as
1406 2239 29 25 da
1442 2239 101 34 fonetik
1554 2240 31 25 tit
1586 2248 51 21 cor,

407 2271 54 25 and
472 2271 69 26 from
552 2272 105 32 August
667 2274 29 24 to
708 2272 155 30 December,
877 2273 73 29 1888,
961 2281 30 16 as
1003 2272 30 26 bo
1038 2272 101 34 fonetik
1148 2273 81 25 tUcor.

1248 2356 150 32 [continued
1409 2364 35 18 on
1453 2365 29 24 p.
1495 2359 18 23 3
1525 2358 30 31 of
1562 2364 73 19 cover
