2055 2917
73 2832 145 19 Downloaded
227 2832 55 19 from
293 2832 389 25 https://www.cambridge.org/core.
692 2833 26 18 30
724 2833 37 23 Jun
771 2833 51 18 2021
835 2835 21 16 at
865 2833 102 21 16:11:33,
977 2832 82 25 subject
1066 2835 23 16 to
1097 2832 38 19 the
1144 2832 127 25 Cambridge
1281 2833 52 18 Core
1341 2835 68 16 terms
1417 2832 24 19 of
1448 2838 45 13 use.

251 97 42 25 358
337 94 76 29 Journal
423 93 20 30 of
452 94 32 29 the
494 94 129 29 International
634 93 90 30 Phonetic
734 93 125 30 Association:
870 93 36 30 The
917 94 128 29 International
1056 93 90 30 Phonetic
1157 93 90 35 Alphabet

409 300 49 31 for
471 300 229 42 transcription
715 311 42 21 on
771 300 229 32 international
1014 301 89 37 lines,
1119 301 65 31 and
1200 312 59 20 one
1274 300 104 32 which
1393 312 60 20 can
1469 301 39 33 be
1524 302 80 34 used

408 346 80 31 both
518 346 34 32 in
584 346 19 13 “
615 347 101 31 broad
729 347 20 14 ”
779 347 64 31 and
872 347 35 30 in
938 347 19 13 “
969 358 125 20 narrow
1109 347 18 12 ”
1157 347 99 31 forms
1285 347 50 31 for
1364 347 57 31 the
1449 347 154 42 phonetic

407 392 253 41 representation
678 392 37 31 of
731 392 43 32 all
791 392 56 31 the
865 392 157 41 principal
1040 392 171 41 languages
1230 391 36 31 of
1281 392 56 31 the
1355 392 109 39 world,
1484 395 66 31 and
1569 405 34 21 as

408 448 19 20 a
441 437 87 32 basis
541 437 49 31 for
604 438 226 42 orthographic
843 438 118 31 reform
974 438 50 31 for
1038 438 43 31 all
1094 438 171 41 languages
1279 438 136 41 needing
1428 438 38 32 it.

449 482 32 33 It
489 483 28 32 is
525 483 206 42 satisfactory
739 487 35 29 to
783 484 68 32 find
858 484 74 32 that
941 483 55 32 the
1005 483 88 33 work
1102 483 36 32 of
1143 483 57 32 the
1208 485 210 38 Association,
1429 485 174 43 extending

408 540 35 20 as
461 528 27 32 it
506 528 76 32 does
601 540 76 21 over
695 541 86 20 more
799 530 82 31 than
899 529 88 42 sixty
1004 540 103 31 years,
1127 529 58 31 has
1203 533 68 28 met
1289 529 79 32 with
1387 530 216 33 considerable

408 585 133 22 success.
577 575 49 31 Its
643 575 154 42 alphabet
813 576 28 31 is
858 586 72 21 now
947 575 79 32 used
1038 575 50 31 for
1099 575 176 42 indicating
1285 576 246 41 pronunciation
1543 581 60 30 not

408 620 77 42 only
495 620 34 31 in
540 620 56 31 the
608 620 227 33 Association’s
847 621 115 32 official
977 620 225 40 publications,
1219 621 61 32 but
1296 621 66 32 also
1380 621 34 33 in
1430 632 172 23 numerous

407 666 204 32 dictionaries
641 667 64 31 and
734 666 174 33 textbooks
937 667 46 42 by
1013 667 131 31 authors
1172 667 222 32 unconnected
1429 667 79 32 with
1545 668 57 33 the

407 711 200 33 Association
620 713 35 31 in
671 725 99 30 many
783 714 171 31 countries.
985 713 73 32 And
1070 723 81 21 even
1165 723 88 22 more
1262 713 189 42 important,
1467 725 87 21 some
1569 716 36 30 of

405 757 57 32 the
476 758 227 31 Association’s
716 759 118 41 special
846 757 111 34 letters
971 770 54 21 are
1038 757 171 43 beginning
1221 762 35 27 to
1271 758 67 31 find
1351 758 84 33 their
1447 770 73 31 way
1532 761 70 31 into

405 804 57 31 the
476 815 148 20 common
638 804 241 42 orthographies
894 805 37 31 of
941 815 87 21 some
1041 804 180 42 languages.
1225 805 13 19 1

447 848 66 33 The
531 849 201 33 Association
749 849 159 32 considers
925 849 74 33 that
1016 849 46 42 by
1079 849 212 42 encouraging
1307 849 56 33 the
1380 861 55 21 use
1454 851 36 31 of
1503 851 87 33 inter­

405 895 178 42 nationally
601 895 183 42 recognised
803 895 151 42 phonetic
973 895 142 42 symbols
1133 895 50 32 for
1202 896 42 31 all
1262 896 172 42 languages
1452 897 44 32 its
1514 897 89 33 work

405 941 200 31 contributes
626 941 154 41 seriously
801 944 35 28 to
854 941 57 31 the
926 941 142 32 creation
1089 941 65 32 and
1175 941 222 33 maintenance
1421 942 37 32 of
1483 942 119 33 cordial

403 986 152 32 relations
571 986 144 32 between
731 986 128 42 peoples
876 986 36 32 of
925 986 149 32 different
1091 987 169 32 countries.

446 1160 63 32 For
530 1160 126 32 further
679 1160 190 42 particulars
893 1161 188 42 concerning
1104 1161 55 32 the
1183 1161 200 33 Association
1406 1162 196 42 application

403 1205 115 33 should
541 1206 40 32 be
605 1207 93 31 made
721 1209 35 29 to
780 1207 56 31 the
861 1207 167 42 Secretary
1052 1208 36 30 of
1108 1207 56 31 the
1188 1207 235 32 International
1446 1208 156 32 Phonetic

403 1252 210 39 Association,
648 1252 98 42 Dept,
781 1252 33 33 of
847 1252 181 39 Phonetics,
1056 1254 187 40 University
1279 1254 132 40 College,
1456 1254 145 39 London,

403 1298 85 31 W.C.
505 1299 26 36 l,
553 1298 158 41 England.

444 1472 66 31 The
537 1473 201 31 Association
765 1473 58 31 has
851 1473 105 31 issued
985 1485 18 19 a
1032 1474 134 32 number
1195 1474 34 31 of
1256 1474 93 32 other
1377 1474 224 42 publications.

402 1518 127 42 Among
548 1519 90 31 them
659 1530 116 20 are:—

482 1573 48 31 La
547 1573 187 40 Phonetique
750 1578 26 26 et
793 1583 45 21 ses
854 1573 229 42 Applications,
1100 1574 46 41 by
1164 1574 80 32 Paul
1259 1574 109 42 Passy.
1415 1576 42 30 Is.

482 1630 47 31 La
545 1630 187 42 Phonetique
746 1631 162 41 appliquee
924 1643 20 20 a
962 1631 245 42 I’enseignement
1224 1632 36 32 de
1279 1633 30 31 la
1326 1633 116 38 lecture,
1461 1633 45 42 by
1520 1633 81 32 Paul

443 1676 109 41 Passy.
589 1678 42 30 Is.
650 1676 49 32 6c?.

483 1733 94 33 Chart
593 1733 36 43 of
639 1733 48 33 the
702 1735 225 32 International
943 1736 146 31 Phonetic
1105 1736 151 41 Alphabet
1273 1737 114 40 (1947).
1422 1737 49 31 3d.

481 1792 186 41 Differences
685 1792 125 32 between
825 1793 123 41 Spoken
965 1793 63 33 and
1047 1793 126 33 Written
1189 1795 174 40 Language,
1381 1794 45 43 by
1441 1795 42 32 D.
1501 1796 100 31 Jones

441 1838 116 39 (1948).
590 1839 42 30 Is.

482 1894 64 33 The
559 1897 91 31 Aims
665 1897 36 40 of
708 1897 171 38 Phonetics,
895 1897 44 42 by
953 1897 40 32 D.
1009 1898 98 31 Jones
1123 1898 114 41 (1938).
1267 1898 48 31 6d.

482 1953 64 32 The
557 1953 140 32 Russian
709 1956 41 29 i-4
761 1955 162 38 Phoneme,
938 1955 45 41 by
996 1955 30 33 S.
1041 1957 153 39 Boyanus
1208 1957 115 39 (1947).
1350 1957 49 31 8d.

481 2012 228 32 Fundamentos
725 2012 34 32 de
776 2012 159 33 Escritura
951 2013 157 38 Fomtica,
1125 2013 45 42 by
1190 2014 41 33 D.
1253 2014 98 32 Jones
1374 2015 65 32 and
1468 2015 26 32 I.
1514 2015 85 32 Dahl

441 2057 115 40 (1944).
601 2059 44 31 2s.

485 2115 97 32 Vowel
597 2116 203 37 Resonances,
817 2116 44 42 by
879 2116 48 32 Sir
944 2117 142 33 Richard
1103 2117 109 42 Paget,
1229 2119 52 31 Bt.
1328 2120 42 30 Is.
1387 2117 48 33 6c?.

431 2286 10 16 1
451 2286 73 33 They
540 2295 43 17 are
600 2288 122 32 officially
738 2289 151 24 authorised
905 2290 40 23 for
961 2290 100 25 several
1076 2291 141 31 languages
1233 2291 30 24 of
1277 2290 97 25 Africa.
1407 2290 47 25 See
1471 2291 126 25 Practical

398 2320 171 31 Orthography
583 2321 28 31 of
621 2321 110 31 African
744 2322 147 30 Languages
907 2322 148 33 (published
1069 2324 36 32 by
1119 2324 46 24 the
1182 2324 101 24 Oxford
1296 2325 155 31 University
1465 2325 77 24 Press
1555 2325 42 24 for

395 2352 47 26 the
456 2354 192 25 Internationa]
661 2355 107 25 African
781 2355 145 32 Institute).
