2055 2917
1422 94 101 34 Principles
1532 94 24 28 of
1562 94 32 28 the
1603 94 8 28 I
1611 94 25 28 PA
1647 94 71 33 (1949)
1762 97 42 25 349

645 295 274 22 INTERNATIONAL
940 296 168 22 PHONETIC
1130 295 217 23 ASSOCIATION
1556 287 38 31 49

394 377 132 31 denotes
541 377 76 41 high
632 377 81 31 level
727 377 100 41 pitch,
844 376 60 32 but
919 378 32 30 in
965 378 214 41 penultimate
1193 378 149 42 syllables
1358 378 35 30 of
1405 382 190 27 statements

394 422 55 32 the
465 426 76 28 tone
556 422 82 38 falls,
655 422 92 32 while
763 422 33 32 in
812 422 75 32 final
903 422 149 41 syllables
1067 424 36 31 of
1117 424 42 31 all
1173 427 95 39 types
1283 425 36 30 of
1331 427 148 29 sentence
1495 424 27 31 it
1538 422 57 33 has

395 468 66 32 mid
481 468 103 32 value.
622 468 187 32 Unmarked
829 462 147 48 syllables
995 469 160 42 normally
1173 470 83 32 have
1275 470 67 32 mid
1361 469 100 42 pitch,
1483 469 60 31 but
1562 469 33 31 in

394 515 211 41 penultimate
621 515 149 41 syllables
785 515 36 30 of
833 517 191 29 statements
1040 515 90 31 there
1145 516 27 30 is
1187 527 18 19 a
1221 516 58 31 fall
1292 516 84 31 from
1390 516 67 31 mid
1473 520 35 27 to
1523 515 70 38 low,

394 560 93 32 while
499 560 33 32 in
544 560 77 30 final
632 559 147 42 syllables
793 560 36 30 of
838 560 42 30 all
891 564 95 37 types
999 562 35 30 of
1043 565 148 28 sentence
1203 562 56 31 the
1271 566 76 27 tone
1360 562 27 31 is
1399 562 69 31 low.
1495 562 100 30 There

394 606 99 31 exists
511 606 66 31 also
595 617 19 19 a
631 606 111 41 falling
759 610 76 27 tone
853 617 40 20 on
911 606 76 31 final
1005 606 148 41 syllables
1173 607 70 39 (not
1259 607 202 42 exemplified
1478 607 33 31 in
1528 606 66 32 this

394 653 105 38 text);
525 652 28 31 it
567 662 76 30 may
656 652 38 31 be
710 652 139 32 denoted
862 652 46 40 by
975 649 13 10 v
1001 662 111 21 means
1125 653 74 31 that
1214 654 43 30 all
1269 654 161 41 following
1444 653 149 42 syllables

393 698 35 31 in
437 697 56 32 the
505 702 146 27 sentence
663 709 35 20 or
709 708 204 31 sense-group
923 709 54 19 are
988 702 35 27 at
1034 709 18 19 a
1064 697 132 42 slightly
1205 698 95 31 lower
1310 699 90 41 pitch
1409 699 81 32 than
1501 699 91 30 those

394 744 178 41 preceding.
602 744 95 37 Thus,
711 744 55 31 the
781 747 63 27 two
859 743 76 40 high
947 746 92 29 tones
1053 744 34 31 in
1100 745 80 30 ikile
1195 755 52 20 are
1262 744 129 42 slightly
1405 745 93 31 lower
1511 745 82 31 than

395 789 92 32 those
502 789 36 32 of
550 788 97 39 phifo.
681 789 98 32 These
795 789 164 41 lowerings
974 800 53 21 are
1042 789 222 42 semantically
1279 791 187 40 important.

435 835 124 32 Vowels
581 836 46 39 (or
649 835 130 41 syllabic
801 836 205 39 consonants)
1027 835 33 31 in
1081 835 55 31 the
1157 836 212 41 penultimate
1390 836 148 42 syllables
1559 836 35 31 of

394 885 190 28 statements
597 891 53 21 are
663 881 91 40 long;
779 881 80 40 they
869 891 53 22 are
935 881 132 32 marked
1079 882 74 31 here
1166 881 79 32 with
1303 882 123 32 Sounds
1439 883 154 41 similarly

393 926 113 42 placed
535 927 33 32 in
599 926 172 43 questions,
802 926 186 33 commands
1017 939 35 20 or
1081 927 237 42 interjectional
1346 932 163 28 sentences
1539 939 53 20 are

394 973 114 41 short.]

433 1031 96 42 phifo
545 1028 95 35 "ikHe
662 1043 37 20 ea
718 1034 90 29 tsaea
829 1028 97 42 “kxarj
944 1028 41 35 'll
1006 1031 133 39 letsatsi,
1161 1043 73 20 xore
1253 1043 36 20 eo
1309 1029 32 34 “o
1358 1032 95 31 thata
1471 1029 13 10 v
1484 1044 53 19 mo
1537 1029 13 10 v
1550 1038 42 25 x6

393 1077 77 32 bone
485 1077 170 32 bohbabell
668 1074 54 35 “kl
739 1077 68 32 o:fu
850 1077 77 32 klfa
941 1074 56 35 “xo
1011 1077 126 32 tlhaxa
1151 1081 172 28 motsamal
1340 1075 32 34 'a
1394 1081 95 38 aperl
1509 1077 83 32 kobo

393 1135 16 19 e
440 1121 13 9 v
454 1127 16 27 l
501 1119 180 35 “bothiitho.
734 1123 96 41 phifo
862 1119 41 35 'll
926 1123 123 31 letsatsi
1070 1119 54 35 “ba
1147 1123 160 31 lumalana
1330 1134 72 20 xore
1425 1135 36 19 eo
1484 1121 31 33 'a
1537 1121 54 33 lea

393 1168 112 41 apolap
530 1172 170 28 motsamal
723 1168 84 32 kobo
830 1165 84 44 pi'll
939 1165 53 35 “kl
1023 1179 53 21 ene
1107 1166 50 34 “eo
1187 1165 33 35 “o
1251 1168 114 32 tba:ta.
1414 1170 97 40 phifo
1540 1167 13 10 v
1555 1180 36 21 ea

392 1219 14 26 t
409 1214 156 41 jwubutla
591 1214 42 31 ka
664 1212 131 40 nafitla;
845 1214 74 31 Irlle
946 1214 42 31 ka
1017 1214 184 41 tjwubutla,
1228 1218 169 27 motsamal
1423 1226 18 19 a
1467 1213 78 32 “mia
1571 1227 18 18 a

392 1260 228 42 Itjwhophelela
639 1260 43 32 ka
701 1272 138 19 memuio
859 1257 50 34 “ea
931 1260 82 31 kobo
1034 1272 37 20 ea
1096 1270 139 28 xaixwe;
1282 1260 183 32 kxabaxare
1483 1257 108 45 “phifo

393 1317 37 21 ea
460 1306 187 32 itlhoboixa,
710 1306 75 32 klfa
815 1303 135 35 letsa“tsl
987 1303 41 35 Te
1066 1303 135 41 tlha“ba,
1239 1303 41 35 “le
1309 1304 81 40 Ilia,
1431 1304 55 34 “xo
1525 1317 66 21 nna

393 1352 252 38 sethukuthuku,
668 1356 170 27 motsamal
859 1348 32 34 “a
913 1351 42 31 ba
976 1348 33 34 “a
1031 1352 92 41 apola
1145 1352 101 37 kobo;
1282 1362 100 31 jaana
1412 1352 97 41 phifo
1539 1350 50 33 “ea

393 1396 108 33 inee“la
518 1408 69 21 eare
602 1398 122 31 letsatsi
739 1394 13 11 v
752 1398 39 31 kl
808 1408 53 20 ene
877 1395 50 34 “eo
943 1395 33 34 “o
991 1398 115 31 tha:ta.

863 1491 96 33 Sotho
980 1489 135 43 (Sesuto)

916 1542 151 32 (Southern)

434 1601 210 40 [Consonants
661 1612 33 21 as
710 1601 33 32 in
760 1601 132 32 Tswana
908 1601 79 32 with
1003 1601 55 32 the
1071 1601 146 32 addition
1228 1601 35 32 of
1276 1604 22 27 4-
1313 1601 64 32 and
1395 1612 19 27 [,
1432 1601 64 32 and
1513 1603 78 30 with

391 1647 55 31 the
458 1647 161 41 following
629 1647 244 31 modifications,
898 1648 15 29 f
922 1647 28 31 is
961 1647 55 31 the
1029 1658 148 20 common
1187 1647 219 31 labio-dental.
1432 1647 159 42 Ordinary

391 1696 12 28 1
418 1703 111 22 occurs
544 1693 214 40 occasionally
772 1693 107 31 before
896 1695 12 28 i
923 1693 65 31 and
1004 1703 29 27 u,
1051 1703 34 21 so
1101 1693 74 31 that
1191 1693 55 31 the
1264 1693 96 32 d-like
1377 1695 12 29 1
1403 1697 88 28 must
1507 1693 82 32 have

392 1750 19 21 a
425 1738 119 42 special
559 1738 126 42 symbol
700 1738 147 42 assigned
862 1742 35 27 to
913 1738 45 39 it;
987 1738 28 33 it
1029 1738 29 31 is
1072 1738 204 42 represented
1292 1738 73 33 here
1382 1738 44 42 by
1442 1741 27 30 d.
1503 1750 13 28 j
1532 1739 57 32 has

391 1785 56 31 the
471 1785 94 31 value
589 1785 37 31 of
646 1785 133 41 English
803 1795 38 31 eg.
899 1785 65 31 The
989 1785 209 31 consonantal
1223 1795 16 20 e
1264 1785 27 30 is
1315 1785 73 30 here
1413 1785 128 31 written
1565 1787 22 35 j.

393 1833 23 38 J,
434 1833 54 38 fw,
506 1833 39 38 tJ,
563 1833 62 38 tjw
635 1831 41 30 do
686 1834 59 28 not
760 1841 103 21 occur.
898 1832 12 29 1
926 1831 107 31 before
1049 1831 135 31 another
1199 1832 12 29 1
1226 1831 27 30 is
1269 1831 132 40 syllabic
1418 1831 62 31 and
1497 1831 91 31 bears

392 1881 101 26 tones.
530 1876 98 31 There
646 1887 53 20 are
717 1876 73 31 nine
808 1876 117 31 vowels
941 1876 80 31 with
1037 1876 182 41 significant
1235 1876 146 31 function
1396 1887 6 20 :
1432 1879 21 33 i,
1471 1886 25 26 i,
1515 1887 25 26 e,
1561 1887 26 25 e,

393 1933 28 26 a,
442 1933 24 26 o,
487 1933 26 26 o,
533 1933 28 25 o,
580 1933 28 19 u.
655 1931 15 21 i
684 1937 35 4 —
735 1931 38 27 e-L,
794 1931 19 21 o
831 1936 36 12 ==
885 1931 39 22 o^,
965 1922 123 31 Precise
1103 1922 94 31 value
1216 1922 36 31 of
1265 1922 57 31 the
1340 1922 92 32 other
1449 1922 118 32 vowels
1581 1934 6 20 :

392 1979 33 26 u,
442 1979 41 26 er,
499 1978 40 27 £r,
555 1978 40 27 a-,
610 1979 40 26 ot,
667 1978 39 25 ot,
722 1978 41 19 u+.

434 2014 84 31 Tone
537 2018 121 37 system
676 2014 121 30 similar
815 2017 35 27 to
868 2014 75 30 that
962 2014 35 30 of
1013 2014 143 37 Tswana,
1178 2018 114 36 except
1310 2013 74 31 that
1402 2014 90 31 there
1510 2014 27 31 is
1555 2014 33 30 in

391 2060 146 31 addition
553 2070 18 20 a
585 2060 132 31 rise-fall
730 2058 105 32 which
849 2060 26 30 is
890 2058 78 32 used
983 2070 41 20 on
1040 2070 86 20 some
1141 2058 212 41 penultimate
1369 2060 157 40 syllables.
1557 2060 32 31 It

389 2106 27 30 is
435 2105 203 41 represented
657 2105 74 31 here
752 2104 44 42 by
815 2104 14 11 A
844 2116 77 20 over
938 2104 55 32 the
1010 2104 105 32 letter.
1150 2104 221 42 Occasionally
1387 2116 19 19 a
1421 2104 77 42 high
1514 2109 75 27 tone

389 2152 27 31 is
436 2151 191 41 necessarily
647 2150 132 42 slightly
796 2150 112 42 higher
926 2150 80 31 than
1025 2162 20 19 a
1066 2151 171 41 preceding
1257 2150 77 42 high
1352 2154 75 27 tone
1442 2162 6 27 ;
1483 2151 64 31 this
1564 2151 27 32 is

389 2196 111 33 shown
518 2196 45 42 by
584 2196 157 42 prefixing
760 2196 15 11 A
793 2200 34 28 to
849 2195 55 33 the
927 2195 134 43 syllable
1084 2196 186 41 containing
1291 2195 55 31 the
1369 2195 112 42 higher
1502 2200 87 29 tone.

391 2243 122 31 Vowels
541 2243 48 40 (or
613 2241 133 43 syllabic
771 2244 205 39 consonants)
1000 2243 34 30 in
1058 2243 56 30 the
1139 2241 212 42 penultimate
1381 2242 147 42 syllables
1558 2243 35 30 of

389 2292 192 28 statements
599 2300 53 19 are
669 2289 109 31 rather
794 2289 97 41 long.]

433 2348 61 40 moj
499 2358 18 20 a
526 2344 42 34 'll
579 2346 125 32 lltsatsl
712 2344 13 10 v
728 2350 14 28 l
753 2357 40 21 ne
803 2350 50 28 irl
865 2346 15 10 A
880 2346 34 32 di
920 2357 35 21 sa
962 2350 72 28 ntse
1041 2346 35 32 dl
1081 2345 96 42 phiile
1183 2343 75 43 “xaij
1265 2345 76 33 horr
1346 2356 62 22 naa
1415 2345 11 42 j
1431 2357 37 21 aa
1477 2344 111 34 “matla

73 2832 145 19 Downloaded
227 2832 55 19 from
293 2832 389 25 https://www.cambridge.org/core.
692 2833 26 18 30
724 2833 37 23 Jun
771 2833 51 18 2021
835 2835 21 16 at
865 2833 102 21 16:11:33,
977 2832 82 25 subject
1066 2835 23 16 to
1097 2832 38 19 the
1144 2832 127 25 Cambridge
1281 2833 52 18 Core
1341 2835 68 16 terms
1417 2832 24 19 of
1448 2838 45 13 use.
