2055 2917
1422 94 101 34 Principles
1532 94 24 28 of
1562 94 32 28 the
1603 94 8 28 I
1611 94 25 28 PA
1647 94 71 33 (1949)
1762 97 43 25 305

625 294 273 23 INTERNATIONAL
920 293 167 24 PHONETIC
1108 294 219 23 ASSOCIATION
1556 288 19 29 5

381 377 256 43 approximately
655 377 103 40 equal.
796 377 149 31 Cardinal
964 387 24 26 o,
1010 387 25 26 o,
1055 386 21 21 u
1095 387 52 21 are
1166 377 117 31 vowels
1301 378 36 30 of
1353 377 55 31 the
1430 377 18 12 “
1462 377 82 31 back
1558 377 18 12 ”

380 423 93 34 series
502 423 187 40 continuing
718 422 55 31 the
803 433 86 20 same
919 423 82 30 scale
1031 422 36 31 of
1094 422 93 42 equal
1217 422 126 42 degrees
1375 423 34 30 of
1436 423 140 30 acoustic

381 469 190 42 separation.

423 516 46 30 11.
514 513 65 33 The
597 515 156 40 positions
772 513 36 32 of
823 513 55 33 the
897 518 119 37 tongue
1034 515 33 31 in
1085 513 56 33 the
1160 515 206 31 articulation
1385 515 36 31 of
1437 513 142 33 cardinal

381 564 19 33 i,
419 571 27 25 a,
465 569 18 22 a
499 560 63 31 and
578 571 20 19 u
614 559 81 32 have
712 559 79 32 been
808 559 199 32 determined
1023 559 44 42 by
1082 559 105 42 X-ray
1202 559 227 43 photographs.
1433 561 12 18 1
1475 559 102 32 When

381 607 54 32 the
447 605 126 42 highest
585 609 90 38 parts
687 606 36 31 of
731 606 56 31 the
800 609 117 38 tongue
931 617 52 20 are
995 606 134 31 marked
1139 606 82 31 with
1233 606 73 31 dots
1317 607 34 30 in
1363 606 88 31 these
1465 606 99 42 photo­

381 651 125 44 graphs,
525 651 79 42 they
621 651 82 32 have
721 651 80 32 been
819 651 100 32 found
937 656 34 27 to
989 651 83 32 have
1090 651 55 32 the
1163 651 173 41 positional
1353 651 226 42 relationships

382 698 108 33 shown
502 698 34 30 in
548 698 67 40 Fig.
632 699 26 30 1.

1161 874 24 24 •
1191 876 20 20 u

982 1140 49 25 s®
1210 1140 43 22 @o

1094 1166 63 31 Open

933 1209 52 25 Em
1012 1212 12 22 1

428 1284 47 31 12.
519 1282 65 30 The
603 1286 118 37 tongue
740 1281 157 41 positions
916 1281 36 31 of
969 1292 16 20 e
1005 1284 64 31 and
1089 1294 17 21 e
1126 1294 53 21 are
1197 1282 223 33 intermediate
1441 1281 141 31 between

386 1329 90 31 those
488 1329 36 30 of
532 1330 12 29 i
556 1329 64 30 and
633 1339 28 25 a,
675 1328 62 31 and
749 1327 56 32 the
817 1332 118 36 tongue
946 1329 159 40 positions
1117 1329 36 31 of
1161 1340 16 20 o
1190 1330 63 30 and
1267 1340 15 20 o
1295 1340 53 19 are
1359 1327 224 32 intermediate

387 1375 142 31 between
543 1374 91 31 those
650 1374 36 31 of
698 1382 19 23 a
731 1374 64 31 and
811 1383 26 21 u.
871 1372 62 32 For
946 1375 156 39 practical
1115 1376 165 40 linguistic
1294 1384 153 32 purposes
1462 1384 46 21 we
1525 1383 58 22 can

386 1420 74 32 thus
475 1419 153 33 establish
644 1430 18 20 a
679 1419 18 12 “
710 1419 101 31 vowel
824 1419 99 40 figure
938 1418 18 13 ”
973 1419 36 31 of
1018 1420 55 32 the
1088 1425 78 37 type
1181 1420 108 32 shown
1304 1420 32 32 in
1352 1420 67 40 Fig.
1436 1420 29 38 2,
1480 1417 105 33 which

386 1477 59 20 can
461 1465 40 32 be
518 1465 79 31 used
613 1466 49 30 for
679 1465 180 41 describing
874 1465 118 31 vowels
1010 1466 104 31 which
1126 1467 94 31 differ
1237 1467 82 30 from
1335 1466 90 31 these
1442 1465 143 31 cardinal

386 1512 127 32 sounds.
545 1512 63 30 For
622 1512 154 37 instance,
794 1521 18 21 a
829 1510 57 32 dot
901 1510 112 41 placed
1030 1522 41 22 on
1087 1513 54 31 the
1157 1513 99 42 figure
1271 1512 155 40 half-way
1439 1510 144 32 between

386 1557 54 33 the
455 1557 72 31 dots
541 1557 217 42 representing
772 1567 16 20 e
803 1556 64 31 and
883 1566 16 21 s
914 1557 66 30 will
992 1557 115 33 denote
1123 1570 18 20 a
1155 1558 101 32 vowel
1269 1557 102 33 sound
1385 1557 153 40 half-way
1551 1556 34 30 in

387 1604 140 31 acoustic
545 1603 126 42 quality
685 1602 144 32 between
844 1602 142 32 cardinal
1003 1614 15 20 e
1034 1604 65 31 and
1114 1604 142 31 cardinal
1271 1614 27 21 £.

423 2205 10 14 1
443 2205 54 24 The
505 2204 108 31 original
619 2201 177 35 photographs
803 2210 63 23 may
873 2201 32 24 be
911 2201 94 24 seenizi
1012 2200 45 24 the
1065 2200 174 30 Department
1247 2198 29 23 of
1281 2198 148 27 Phonetics,
1436 2197 153 31 University

391 2239 108 31 College,
513 2236 116 25 London.
649 2236 81 24 Small
740 2236 68 23 scale
827 2235 198 31 reproductions
1042 2241 45 17 are
1103 2234 77 30 given
1198 2233 28 24 in
1243 2230 45 25 the
1305 2230 167 31 frontispiece
1490 2233 29 21 to
1537 2230 52 24 The

391 2271 199 24 Pronunciation
602 2270 27 31 of
638 2269 108 31 English
758 2269 36 31 by
807 2269 30 24 D.
853 2269 80 24 Jones
946 2269 66 30 (new
1023 2266 109 29 edition,
1151 2265 158 30 Cambridge
1327 2264 152 31 University
1495 2264 92 29 Press).

391 2306 94 30 Larger
502 2303 198 32 reproductions
715 2302 31 23 of
760 2301 46 25 the
829 2301 86 32 X-ray
937 2299 178 32 photographs
1137 2299 30 24 of
1187 2297 116 27 cardinal
1325 2297 18 30 i,
1369 2305 16 16 a
1411 2297 51 23 and
1484 2303 19 20 u
1525 2303 64 17 were

391 2338 138 33 published
538 2338 28 23 in
578 2336 45 25 the
635 2335 171 32 Proceedings
818 2335 30 24 of
855 2335 46 24 the
913 2333 87 33 Royal
1006 2333 166 28 Institution,
1181 2331 57 25 Vol.
1247 2331 93 29 XXII,
1349 2338 44 23 pp.
1405 2331 79 28 12,13
1493 2330 98 31 (19X9)..

73 2832 145 19 Downloaded
227 2832 55 19 from
293 2832 389 25 https://www.cambridge.org/core.
692 2833 26 18 30
724 2833 37 23 Jun
771 2833 51 18 2021
835 2835 21 16 at
865 2833 102 21 16:11:33,
977 2832 82 25 subject
1066 2835 23 16 to
1097 2832 38 19 the
1144 2832 127 25 Cambridge
1281 2833 52 18 Core
1341 2835 68 16 terms
1417 2832 24 19 of
1448 2838 45 13 use.
