2055 2917
1422 94 101 34 Principles
1532 94 24 28 of
1562 94 32 28 the
1603 94 8 28 I
1611 94 25 28 PA
1647 94 71 33 (1949)
1762 97 43 25 347

644 294 273 23 INTERNATIONAL
939 295 168 22 PHONETIC
1129 295 217 22 ASSOCIATION
1556 287 38 30 47

435 389 104 30 upepo
554 377 140 31 ulikuwa
709 374 165 45 ukifiijana
889 389 42 19 na
944 389 57 30 jua
1017 377 94 32 kuwa
1126 378 77 31 nani
1217 389 120 28 mwejie
1355 389 108 28 gguvu
1479 377 114 42 kupita

394 423 189 38 mwenziwe,
595 433 88 20 mara
694 422 132 42 akapita
837 422 125 33 msafiri
970 422 168 42 alijekuwa
1150 434 132 21 amevaa
1291 421 87 43 jufia.
1400 422 193 42 walipatana

394 469 94 31 kuwa
501 469 228 41 atakajemvua
739 467 78 43 jufia
829 469 132 31 kwanza
973 469 126 31 msafiri
1109 469 88 41 ndije
1210 480 120 30 mwejie
1343 480 118 29 gguvu.
1486 480 106 30 upepo

394 516 144 30 ukaanza
553 515 142 31 kuvuma
711 515 106 40 mwijo
832 525 48 20 wa
895 525 109 29 gguvu
1018 515 88 38 zake,
1121 515 100 31 lakini
1234 515 65 31 kila
1313 515 123 31 ukizicTi
1448 515 141 31 kuvuma

394 561 75 30 ndio
490 560 132 31 kwanza
643 560 124 31 msafiri
787 560 108 31 huzicfi
917 559 182 32 kuli6anzia
1117 559 78 43 jufia
1216 560 90 39 lake;
1336 561 78 30 kata
1435 561 154 40 mwijowe

393 617 104 30 upepo
514 606 165 31 ukakkata
695 609 119 28 tamaa.
844 617 58 30 jua
919 606 145 31 likaanza
1079 606 124 39 kugara
1219 606 72 31 kwa
1306 606 99 39 ukali,
1420 607 169 41 kaikupita

393 651 98 33 mucfa
511 662 90 22 mara
620 651 125 33 msafiri
764 651 105 33 alivua
886 650 79 43 ju6a
986 651 71 33 lake
1076 663 42 21 na
1138 651 71 33 kwa
1229 651 89 42 hivjo
1339 663 104 32 upepo
1463 653 128 31 ukakiri

392 698 93 31 kuwa
499 709 57 31 jua
573 698 64 31 lina
655 709 109 29 gguvu
778 697 111 32 kuliko
904 697 72 42 jeje.

935 782 110 31 Ganda

435 840 77 39 [The
530 842 192 29 consonants
737 851 53 19 are
807 839 88 42 laxly
909 840 203 31 articulated,
1147 851 28 26 p,
1192 845 24 31 t,
1233 841 23 29 k
1270 840 131 41 sligktly
1417 840 171 41 aspirated,

393 889 23 32 t,
434 887 20 28 d
469 885 147 32 alveolar.
647 885 120 32 Voiced
781 885 136 41 plosives
933 896 53 21 are
1001 885 81 41 fully
1096 885 121 32 voiced,
1250 887 19 28 b
1285 885 26 32 is
1325 885 120 41 plosive
1462 887 83 30 after
1559 896 30 21 m

393 931 64 31 and
469 931 91 31 when
572 931 115 31 double
699 942 6 26 ;
730 931 166 31 otherwise
908 931 26 31 it
950 947 35 12 =
998 932 29 42 p.
1052 932 32 30 It
1095 931 59 31 has
1165 936 34 26 to
1211 931 40 31 be
1263 931 232 41 distinguished
1505 931 83 31 from

393 989 29 20 w
436 977 65 32 and
513 977 84 32 from
610 987 21 21 v
645 977 64 31 and
722 977 83 31 from
819 979 50 30 bw
885 979 49 38 (=
950 978 73 43 pw).
1052 989 15 19 r
1083 977 64 31 and
1160 979 13 28 1
1186 977 115 32 denote
1315 977 92 31 r-like
1421 977 65 32 and
1499 977 88 31 1-like

392 1022 117 31 sounds
523 1034 6 27 ;
556 1022 79 42 they
650 1022 114 42 belong
779 1027 35 28 to
830 1034 19 21 a
863 1023 99 41 single
977 1023 167 41 phoneme,
1161 1034 16 19 r
1192 1022 95 42 being
1301 1022 78 31 used
1395 1022 193 42 exclusively

392 1069 84 31 after
488 1070 12 29 i
513 1069 64 30 and
590 1080 24 19 e.
639 1080 13 29 j
665 1069 131 31 denotes
809 1080 18 20 a
842 1069 102 31 sound
956 1069 144 31 between
1112 1069 141 31 cardinal
1265 1080 14 29 j
1293 1069 62 30 and
1371 1070 36 40 ct;.
1445 1069 64 30 The
1523 1079 16 30 g
1555 1069 36 31 of

394 1116 30 38 gj
442 1115 27 31 is
485 1125 78 30 very
580 1115 174 37 advanced,
772 1115 61 31 but
849 1115 59 31 less
926 1127 33 19 so
976 1115 82 31 than
1075 1115 141 31 cardinal
1232 1124 21 30 j.
1289 1115 122 31 Precise
1427 1115 110 31 values
1555 1115 34 31 of

394 1160 115 31 vowels
523 1171 4 20 :
555 1161 35 35 ir,
608 1171 38 25 ex,
664 1171 37 25 a-,
719 1171 40 25 or,
776 1171 41 20 ur.

435 1207 101 30 Tones
549 1217 6 20 :
579 1206 78 41 high
671 1206 143 39 (marked
827 1206 39 41 ~),
878 1206 204 41 high-falling
1095 1206 145 39 (marked
1252 1206 34 39 '),
1299 1206 61 31 low
1375 1206 211 39 (unmarked).

394 1251 65 33 The
470 1251 91 42 pitch
572 1251 167 33 difference
749 1251 144 32 between
904 1251 76 41 high
992 1251 63 32 and
1067 1251 60 32 low
1138 1251 75 32 does
1229 1255 58 28 not
1303 1262 34 21 as
1354 1263 18 18 a
1388 1251 67 30 rule
1472 1251 116 32 exceed

394 1309 18 19 a
431 1297 104 42 major
551 1297 98 32 third.
687 1297 30 32 A
734 1297 75 42 high
827 1302 76 27 tone
921 1297 160 42 following
1100 1309 18 19 a
1137 1297 60 31 low
1215 1301 76 27 tone
1309 1297 27 31 is
1355 1297 76 41 only
1449 1297 101 31 about
1569 1309 18 18 a

394 1344 154 31 semitone
565 1344 129 41 higher;
724 1344 65 31 and
806 1355 19 19 a
842 1344 77 41 high
935 1347 76 28 tone
1029 1344 160 41 following
1205 1344 10 19 '
1233 1343 26 31 is
1277 1343 100 31 about
1395 1355 19 19 a
1432 1344 155 30 semitone

393 1389 110 41 higher
518 1389 80 32 than
613 1389 56 32 the
686 1389 61 32 end
763 1389 34 30 of
809 1389 38 32 it.
891 1389 234 42 Consequently
1141 1389 55 30 the
1211 1389 126 40 general
1352 1389 90 40 pitch
1459 1388 79 31 level
1555 1389 34 30 of

393 1435 55 31 the
471 1439 146 27 sentence
640 1435 167 41 gradually
829 1435 160 31 descends.
1035 1435 29 31 A
1084 1435 113 41 higher
1217 1435 82 30 level
1319 1435 38 37 is,
1381 1445 36 20 or
1437 1446 77 30 may
1535 1434 50 38 be,

392 1481 146 31 resumed
550 1482 83 30 after
645 1491 18 21 a
675 1491 108 30 pause.
818 1481 29 31 A
859 1481 100 31 final"
971 1482 27 30 is
1012 1481 88 42 quite
1113 1481 68 38 low,
1196 1479 122 41 though
1330 1484 58 27 not
1400 1491 35 20 so
1448 1479 60 32 low
1520 1491 35 20 as
1568 1491 18 20 a

393 1526 77 31 final
483 1526 176 31 unmarked
674 1526 141 41 syllable.
845 1526 113 33 Before
974 1537 18 20 a
1006 1526 156 33 non-final
1175 1537 98 30 pause
1287 1526 55 30 the
1357 1526 76 40 high
1448 1526 63 30 and
1527 1526 60 31 low

393 1577 91 27 tones
499 1584 52 20 are
566 1572 146 42 replaced
727 1572 44 42 by
785 1584 18 19 a
817 1572 98 42 rising
929 1577 76 27 tone
1017 1584 6 26 ;
1051 1572 49 31 for
1114 1572 153 38 instance,
1282 1572 55 30 the
1348 1574 12 28 i
1375 1572 34 30 of
1420 1575 49 27 ntl
1483 1572 33 30 in
1529 1572 57 30 the

393 1622 72 27 text
482 1619 57 30 has
557 1629 18 20 a
592 1619 71 31 rise.
699 1619 10 19 v
727 1619 106 31 before
851 1629 18 20 a
887 1619 155 31 non-final
1058 1629 98 30 pause
1174 1619 77 30 ends
1269 1619 79 30 with
1366 1629 17 20 a
1401 1617 96 40 slight
1514 1617 71 32 rise.

394 1664 123 31 Vowels
527 1664 168 41 preceding
707 1675 18 19 a
737 1664 155 31 non-final
903 1675 97 30 pause
1013 1675 52 20 are
1077 1664 108 31 rather
1196 1664 83 40 long.

434 1710 51 31 All
501 1710 59 31 full
575 1710 126 41 lengths
719 1710 36 31 of
770 1710 116 31 vowels
904 1721 52 20 are
974 1710 133 31 marked
1124 1710 33 31 in
1174 1710 65 31 this
1256 1713 81 28 text.
1376 1709 91 31 Some
1485 1709 102 31 vowel

392 1755 126 41 lengths
538 1766 54 21 are
613 1755 188 41 significant,
823 1755 60 32 but
903 1755 107 32 others
1030 1766 53 21 are
1103 1755 200 32 determined
1322 1754 44 42 by
1385 1754 93 33 rules.
1521 1755 65 30 The

391 1802 91 30 nasal
494 1806 192 27 consonants
698 1802 36 31 of
743 1803 59 34 mb,
817 1803 50 34 nd,
879 1805 72 34 etc.,
965 1812 53 21 are
1031 1801 132 41 syllabic
1175 1801 147 41 initially.
1348 1801 93 31 After
1453 1812 19 19 a
1485 1800 102 31 vowel

392 1847 89 32 these
499 1847 105 31 nasals
622 1859 53 20 are
693 1851 59 28 not
770 1847 140 42 syllabic,
932 1847 59 32 but
1009 1847 55 31 the
1082 1847 102 31 vowel
1203 1845 154 41 (whether
1373 1847 34 30 in
1424 1845 56 32 the
1498 1857 87 20 same

393 1893 86 30 word
493 1904 34 21 or
539 1893 34 30 in
586 1904 18 19 a
617 1893 168 41 preceding
799 1893 98 40 word)
910 1893 27 32 is
951 1893 82 41 long.
1059 1893 125 32 Double
1198 1896 191 29 consonants
1401 1892 83 31 have
1497 1896 35 27 to
1545 1891 40 32 be

392 1939 231 41 distinguished
641 1939 84 31 from
743 1939 99 41 single
861 1943 191 27 consonants
1071 1939 138 41 initially
1227 1950 35 19 as
1281 1938 71 31 well
1370 1949 35 20 as
1424 1938 161 41 medially.

394 1985 93 30 Their
502 1985 70 31 first
589 1985 151 31 elements
758 1995 51 21 are
826 1985 132 40 syllabic
975 1985 64 31 and
1055 1985 76 31 bear
1147 1988 100 28 tones.
1282 1985 61 30 For
1359 1983 152 38 instance,
1528 1983 58 32 the

391 2030 105 31 initial
514 2031 19 29 d
553 2030 36 31 of
605 2031 94 29 ddala
718 2030 58 31 has
795 2030 60 31 low
873 2035 76 26 tone
967 2030 184 41 (involving,
1167 2030 167 39 therefore,
1352 2040 18 20 a
1387 2029 147 41 lowering
1553 2029 35 31 of

392 2076 54 31 the
460 2075 55 39 a’s,
531 2087 35 19 as
579 2076 170 41 compared
761 2076 81 31 with
854 2076 55 31 the
922 2076 77 41 high
1011 2079 90 28 tones
1115 2077 33 30 in
1161 2076 250 39 jaimusuggira),
1425 2075 91 31 while
1529 2075 56 31 the

391 2121 68 32 first
478 2131 16 30 g
513 2121 34 32 in
565 2124 178 37 naggja:mu
760 2121 58 33 has
835 2121 76 42 high
927 2126 77 28 tone
1023 2121 115 40 (which
1155 2132 109 21 means
1281 2113 73 38 that
1373 2120 56 31 the
1454 2120 132 42 syllable

391 2178 15 29 g
410 2168 44 36 ja:
465 2167 58 31 has
532 2167 57 31 the
599 2179 87 20 same
695 2167 92 42 pitch
796 2179 35 20 as
842 2169 63 39 na).
933 2168 102 31 When
1046 2179 18 19 a
1076 2167 115 31 double
1202 2171 175 27 consonant
1388 2167 26 30 is
1424 2166 161 38 voiceless,

389 2213 56 31 the
460 2216 77 28 tone
554 2214 35 30 of
602 2213 55 31 the
674 2214 105 31 initial
794 2217 75 38 part
885 2215 26 30 is
927 2217 128 38 present
1071 2213 220 42 subjectively,
1310 2213 65 31 and
1389 2211 43 33 its
1449 2211 92 32 value
1559 2211 26 32 is

389 2259 110 30 shown
513 2259 44 41 by
571 2259 55 32 the
640 2259 91 41 pitch
745 2261 36 30 of
791 2259 56 32 the
861 2263 79 28 next
953 2259 160 41 following
1127 2253 77 46 high
1217 2262 76 27 tone
1305 2269 6 26 ;
1337 2258 87 37 thus,
1438 2257 55 31 the
1508 2261 75 28 tone

392 2305 36 30 of
437 2304 56 31 the
507 2304 131 42 syllabic
652 2306 21 29 k
686 2305 33 31 in
733 2306 165 30 nakkiriza
911 2305 28 31 is
953 2305 116 31 known
1083 2309 35 27 to
1131 2304 38 31 be
1180 2304 87 41 high,
1281 2304 84 31 since
1378 2304 57 31 the
1448 2304 90 41 pitch
1552 2304 35 30 of

392 2349 55 32 the
461 2352 34 29 ki
508 2351 27 30 is
549 2361 41 20 on
603 2351 55 31 the
673 2361 86 21 same
772 2351 81 31 level
867 2361 35 21 as
915 2351 73 31 that
1003 2351 34 30 of
1048 2360 49 21 na.

73 2832 145 19 Downloaded
227 2832 55 19 from
293 2832 389 25 https://www.cambridge.org/core.
692 2833 26 18 30
724 2833 37 23 Jun
771 2833 51 18 2021
835 2835 21 16 at
865 2833 102 21 16:11:33,
977 2832 82 25 subject
1066 2835 23 16 to
1097 2832 38 19 the
1144 2832 127 25 Cambridge
1281 2833 52 18 Core
1341 2835 68 16 terms
1417 2832 24 19 of
1448 2838 45 13 use.
