<?xml version="1.0" encoding="UTF-8" standalone="yes"?>
<alto xmlns="http://www.loc.gov/standards/alto/ns-v2#" xmlns:xlink="http://www.w3.org/1999/xlink" xmlns:xsi="http://www.w3.org/2001/XMLSchema-instance" xsi:schemaLocation="http://www.loc.gov/standards/alto/ns-v2# http://www.loc.gov/standards/alto/alto-v2.0.xsd">
<Description>
<MeasurementUnit>pixel</MeasurementUnit>
<OCRProcessing ID="IdOcr"><ocrProcessingStep><processingDateTime>2021-07-12</processingDateTime><processingSoftware><softwareCreator>ABBYY</softwareCreator><softwareName>ABBYY Recognition Server</softwareName><softwareVersion>4.0</softwareVersion></processingSoftware></ocrProcessingStep></OCRProcessing>
</Description>
<Styles>
<ParagraphStyle ID="StyleId-FFFFFFFF-FFFF-FFFF-FFFF-FFFFFFFFFFFF-" ALIGN="Left" LEFT="0." RIGHT="0." FIRSTLINE="0."/>
<ParagraphStyle ID="StyleId-C4C02943-12EB-4071-9F06-094E01572999-" ALIGN="Center" LEFT="0." RIGHT="0." FIRSTLINE="0." LINESPACE="11.60000038"/>
<ParagraphStyle ID="StyleId-C22B2F7D-15AC-43A5-9B4C-2FD1C33737AD-" ALIGN="Block" LEFT="0." RIGHT="0." FIRSTLINE="0." LINESPACE="10.80000019"/>
<ParagraphStyle ID="StyleId-7B44A0B9-4645-4716-80D6-8C7742D9FACB-" ALIGN="Block" LEFT="0." RIGHT="0." FIRSTLINE="0." LINESPACE="7.699999809"/>
<ParagraphStyle ID="StyleId-F840777D-4520-4DAE-A0B3-8798BC5FA165-" ALIGN="Left" LEFT="0." RIGHT="0." FIRSTLINE="0." LINESPACE="11.10000038"/>
<ParagraphStyle ID="StyleId-7F3DF795-5D19-4CED-8CD5-65B0797836A9-" ALIGN="Left" LEFT="0." RIGHT="0." FIRSTLINE="0." LINESPACE="7.699999809"/>
</Styles>
<Layout>
<Page ID="Page1" PHYSICAL_IMG_NR="1" HEIGHT="2917" WIDTH="2055">
<TopMargin HEIGHT="88" WIDTH="2055" VPOS="0" HPOS="0">
</TopMargin>
<LeftMargin HEIGHT="2775" WIDTH="67" VPOS="88" HPOS="0">
</LeftMargin>
<RightMargin HEIGHT="2775" WIDTH="452" VPOS="88" HPOS="1603">
</RightMargin>
<BottomMargin HEIGHT="54" WIDTH="2055" VPOS="2863" HPOS="0">
</BottomMargin>
<PrintSpace HEIGHT="2775" WIDTH="1536" VPOS="88" HPOS="67">
<TextBlock ID="Page1_Block1" HEIGHT="46" WIDTH="1008" VPOS="88" HPOS="245" language="en-US" STYLEREFS="StyleId-F840777D-4520-4DAE-A0B3-8798BC5FA165-">
<TextLine BASELINE="123" HEIGHT="35" WIDTH="996" VPOS="93" HPOS="251"><String CONTENT="336" HEIGHT="25" WIDTH="42" VPOS="97" HPOS="251"/><SP WIDTH="42" VPOS="94" HPOS="294"/><String CONTENT="Journal" HEIGHT="29" WIDTH="76" VPOS="94" HPOS="337"/><SP WIDTH="8" VPOS="94" HPOS="414"/><String CONTENT="of" HEIGHT="30" WIDTH="20" VPOS="93" HPOS="423"/><SP WIDTH="7" VPOS="93" HPOS="444"/><String CONTENT="the" HEIGHT="29" WIDTH="32" VPOS="94" HPOS="452"/><SP WIDTH="8" VPOS="94" HPOS="485"/><String CONTENT="International" HEIGHT="29" WIDTH="129" VPOS="94" HPOS="494"/><SP WIDTH="9" VPOS="93" HPOS="624"/><String CONTENT="Phonetic" HEIGHT="30" WIDTH="90" VPOS="93" HPOS="634"/><SP WIDTH="8" VPOS="93" HPOS="725"/><String CONTENT="Association:" HEIGHT="30" WIDTH="125" VPOS="93" HPOS="734"/><SP WIDTH="9" VPOS="93" HPOS="860"/><String CONTENT="The" HEIGHT="30" WIDTH="36" VPOS="93" HPOS="870"/><SP WIDTH="9" VPOS="94" HPOS="907"/><String CONTENT="International" HEIGHT="29" WIDTH="128" VPOS="94" HPOS="917"/><SP WIDTH="9" VPOS="93" HPOS="1046"/><String CONTENT="Phonetic" HEIGHT="30" WIDTH="90" VPOS="93" HPOS="1056"/><SP WIDTH="9" VPOS="93" HPOS="1147"/><String CONTENT="Alphabet" HEIGHT="35" WIDTH="90" VPOS="93" HPOS="1157"/></TextLine>
</TextBlock>
<TextBlock ID="Page1_Block2" HEIGHT="2116" WIDTH="1213" VPOS="281" HPOS="390" language="en-US" STYLEREFS="StyleId-C22B2F7D-15AC-43A5-9B4C-2FD1C33737AD-">
<TextLine BASELINE="316" HEIGHT="30" WIDTH="810" VPOS="287" HPOS="398" STYLEREFS="StyleId-7B44A0B9-4645-4716-80D6-8C7742D9FACB-"><String CONTENT="36" HEIGHT="28" WIDTH="39" VPOS="287" HPOS="398"/><SP WIDTH="340" VPOS="287" HPOS="438"/><String CONTENT="THE" HEIGHT="20" WIDTH="64" VPOS="295" HPOS="779"/><SP WIDTH="20" VPOS="295" HPOS="844"/><String CONTENT="PRINCIPLES" HEIGHT="22" WIDTH="193" VPOS="295" HPOS="865"/><SP WIDTH="22" VPOS="295" HPOS="1059"/><String CONTENT="OE" HEIGHT="22" WIDTH="41" VPOS="295" HPOS="1082"/><SP WIDTH="18" VPOS="295" HPOS="1124"/><String CONTENT="THE" HEIGHT="20" WIDTH="65" VPOS="295" HPOS="1143"/></TextLine>
<TextLine BASELINE="407" HEIGHT="42" WIDTH="1195" VPOS="375" HPOS="397"><String CONTENT="voiced" HEIGHT="31" WIDTH="112" VPOS="377" HPOS="397"/><SP WIDTH="12" VPOS="377" HPOS="510"/><String CONTENT="sounds" HEIGHT="31" WIDTH="118" VPOS="377" HPOS="523"/><SP WIDTH="11" VPOS="378" HPOS="642"/><String CONTENT="it" HEIGHT="30" WIDTH="27" VPOS="378" HPOS="654"/><SP WIDTH="13" VPOS="377" HPOS="682"/><String CONTENT="has" HEIGHT="31" WIDTH="56" VPOS="377" HPOS="696"/><SP WIDTH="13" VPOS="380" HPOS="753"/><String CONTENT="the" HEIGHT="31" WIDTH="55" VPOS="377" HPOS="767"/><SP WIDTH="12" VPOS="389" HPOS="823"/><String CONTENT="value" HEIGHT="31" WIDTH="94" VPOS="377" HPOS="836"/><SP WIDTH="12" VPOS="387" HPOS="931"/><String CONTENT="e," HEIGHT="27" WIDTH="28" VPOS="387" HPOS="944"/><SP WIDTH="16" VPOS="377" HPOS="973"/><String CONTENT="finally" HEIGHT="40" WIDTH="111" VPOS="377" HPOS="990"/><SP WIDTH="12" VPOS="377" HPOS="1102"/><String CONTENT="it" HEIGHT="31" WIDTH="27" VPOS="377" HPOS="1115"/><SP WIDTH="11" VPOS="377" HPOS="1143"/><String CONTENT="is" HEIGHT="31" WIDTH="27" VPOS="377" HPOS="1155"/><SP WIDTH="12" VPOS="387" HPOS="1183"/><String CONTENT="a" HEIGHT="20" WIDTH="19" VPOS="387" HPOS="1196"/><SP WIDTH="12" VPOS="387" HPOS="1216"/><String CONTENT="partially" HEIGHT="42" WIDTH="153" VPOS="375" HPOS="1229"/><SP WIDTH="9" VPOS="386" HPOS="1383"/><String CONTENT="unvoiced" HEIGHT="32" WIDTH="158" VPOS="375" HPOS="1393"/><SP WIDTH="10" VPOS="375" HPOS="1552"/><String CONTENT="k," HEIGHT="25" WIDTH="29" VPOS="386" HPOS="1563"/></TextLine>
<TextLine BASELINE="453" HEIGHT="41" WIDTH="1197" VPOS="421" HPOS="398"><String CONTENT="and" HEIGHT="31" WIDTH="64" VPOS="422" HPOS="398"/><SP WIDTH="7" VPOS="422" HPOS="463"/><String CONTENT="before" HEIGHT="31" WIDTH="107" VPOS="422" HPOS="471"/><SP WIDTH="9" VPOS="433" HPOS="579"/><String CONTENT="a" HEIGHT="20" WIDTH="18" VPOS="433" HPOS="589"/><SP WIDTH="8" VPOS="433" HPOS="608"/><String CONTENT="voiceless" HEIGHT="31" WIDTH="151" VPOS="422" HPOS="617"/><SP WIDTH="9" VPOS="434" HPOS="769"/><String CONTENT="sound" HEIGHT="30" WIDTH="103" VPOS="423" HPOS="779"/><SP WIDTH="6" VPOS="423" HPOS="883"/><String CONTENT="it" HEIGHT="30" WIDTH="28" VPOS="423" HPOS="890"/><SP WIDTH="9" VPOS="422" HPOS="919"/><String CONTENT="has" HEIGHT="31" WIDTH="57" VPOS="422" HPOS="929"/><SP WIDTH="8" VPOS="426" HPOS="987"/><String CONTENT="the" HEIGHT="30" WIDTH="55" VPOS="423" HPOS="996"/><SP WIDTH="10" VPOS="434" HPOS="1052"/><String CONTENT="value" HEIGHT="30" WIDTH="94" VPOS="423" HPOS="1063"/><SP WIDTH="8" VPOS="433" HPOS="1158"/><String CONTENT="of" HEIGHT="31" WIDTH="36" VPOS="422" HPOS="1167"/><SP WIDTH="6" VPOS="422" HPOS="1204"/><String CONTENT="a" HEIGHT="20" WIDTH="19" VPOS="433" HPOS="1211"/><SP WIDTH="9" VPOS="433" HPOS="1231"/><String CONTENT="completely" HEIGHT="41" WIDTH="192" VPOS="421" HPOS="1241"/><SP WIDTH="7" VPOS="432" HPOS="1434"/><String CONTENT="voiceless" HEIGHT="32" WIDTH="153" VPOS="421" HPOS="1442"/></TextLine>
<TextLine BASELINE="499" HEIGHT="45" WIDTH="1198" VPOS="465" HPOS="397"><String CONTENT="k." HEIGHT="19" WIDTH="26" VPOS="479" HPOS="397"/><SP WIDTH="36" VPOS="465" HPOS="424"/><String CONTENT="?" HEIGHT="34" WIDTH="18" VPOS="465" HPOS="461"/><SP WIDTH="14" VPOS="465" HPOS="480"/><String CONTENT="initially" HEIGHT="40" WIDTH="143" VPOS="469" HPOS="495"/><SP WIDTH="14" VPOS="468" HPOS="639"/><String CONTENT="before" HEIGHT="31" WIDTH="107" VPOS="468" HPOS="654"/><SP WIDTH="16" VPOS="479" HPOS="762"/><String CONTENT="a" HEIGHT="20" WIDTH="19" VPOS="479" HPOS="779"/><SP WIDTH="15" VPOS="479" HPOS="799"/><String CONTENT="vowel" HEIGHT="30" WIDTH="100" VPOS="469" HPOS="815"/><SP WIDTH="13" VPOS="469" HPOS="916"/><String CONTENT="is" HEIGHT="31" WIDTH="27" VPOS="469" HPOS="930"/><SP WIDTH="10" VPOS="480" HPOS="958"/><String CONTENT="an" HEIGHT="19" WIDTH="41" VPOS="480" HPOS="969"/><SP WIDTH="15" VPOS="480" HPOS="1011"/><String CONTENT="ordinary" HEIGHT="42" WIDTH="152" VPOS="468" HPOS="1027"/><SP WIDTH="14" VPOS="479" HPOS="1180"/><String CONTENT="glottal" HEIGHT="41" WIDTH="115" VPOS="469" HPOS="1195"/><SP WIDTH="14" VPOS="469" HPOS="1311"/><String CONTENT="stop" HEIGHT="38" WIDTH="73" VPOS="471" HPOS="1326"/><SP WIDTH="11" VPOS="479" HPOS="1400"/><String CONTENT=";" HEIGHT="26" WIDTH="7" VPOS="479" HPOS="1412"/><SP WIDTH="31" VPOS="468" HPOS="1420"/><String CONTENT="before" HEIGHT="31" WIDTH="107" VPOS="468" HPOS="1452"/><SP WIDTH="14" VPOS="479" HPOS="1560"/><String CONTENT="a" HEIGHT="20" WIDTH="20" VPOS="479" HPOS="1575"/></TextLine>
<TextLine BASELINE="545" HEIGHT="42" WIDTH="1196" VPOS="513" HPOS="397"><String CONTENT="consonant" HEIGHT="27" WIDTH="176" VPOS="518" HPOS="397"/><SP WIDTH="20" VPOS="518" HPOS="574"/><String CONTENT="this" HEIGHT="30" WIDTH="66" VPOS="515" HPOS="595"/><SP WIDTH="20" VPOS="525" HPOS="662"/><String CONTENT="symbol" HEIGHT="42" WIDTH="124" VPOS="513" HPOS="683"/><SP WIDTH="20" VPOS="515" HPOS="808"/><String CONTENT="means" HEIGHT="20" WIDTH="109" VPOS="525" HPOS="829"/><SP WIDTH="20" VPOS="518" HPOS="939"/><String CONTENT="that" HEIGHT="30" WIDTH="73" VPOS="515" HPOS="960"/><SP WIDTH="20" VPOS="518" HPOS="1034"/><String CONTENT="the" HEIGHT="30" WIDTH="55" VPOS="515" HPOS="1055"/><SP WIDTH="19" VPOS="525" HPOS="1111"/><String CONTENT="preceding" HEIGHT="39" WIDTH="171" VPOS="515" HPOS="1131"/><SP WIDTH="18" VPOS="524" HPOS="1303"/><String CONTENT="vowel" HEIGHT="32" WIDTH="101" VPOS="513" HPOS="1322"/><SP WIDTH="20" VPOS="513" HPOS="1424"/><String CONTENT="or" HEIGHT="21" WIDTH="34" VPOS="524" HPOS="1445"/><SP WIDTH="20" VPOS="524" HPOS="1480"/><String CONTENT="other" HEIGHT="32" WIDTH="92" VPOS="513" HPOS="1501"/></TextLine>
<TextLine BASELINE="590" HEIGHT="42" WIDTH="1194" VPOS="559" HPOS="398"><String CONTENT="continuant" HEIGHT="30" WIDTH="190" VPOS="560" HPOS="398"/><SP WIDTH="12" VPOS="564" HPOS="589"/><String CONTENT="sound" HEIGHT="30" WIDTH="102" VPOS="560" HPOS="602"/><SP WIDTH="10" VPOS="560" HPOS="705"/><String CONTENT="is" HEIGHT="30" WIDTH="27" VPOS="560" HPOS="716"/><SP WIDTH="11" VPOS="571" HPOS="744"/><String CONTENT="prolonged" HEIGHT="41" WIDTH="173" VPOS="560" HPOS="756"/><SP WIDTH="11" VPOS="560" HPOS="930"/><String CONTENT="and" HEIGHT="30" WIDTH="63" VPOS="560" HPOS="942"/><SP WIDTH="13" VPOS="560" HPOS="1006"/><String CONTENT="accompanied" HEIGHT="40" WIDTH="225" VPOS="560" HPOS="1020"/><SP WIDTH="12" VPOS="559" HPOS="1246"/><String CONTENT="by" HEIGHT="41" WIDTH="44" VPOS="559" HPOS="1259"/><SP WIDTH="12" VPOS="570" HPOS="1304"/><String CONTENT="glottal" HEIGHT="41" WIDTH="113" VPOS="559" HPOS="1317"/><SP WIDTH="11" VPOS="559" HPOS="1431"/><String CONTENT="stricture" HEIGHT="30" WIDTH="149" VPOS="560" HPOS="1443"/></TextLine>
<TextLine BASELINE="636" HEIGHT="40" WIDTH="1193" VPOS="605" HPOS="398"><String CONTENT="(a" HEIGHT="37" WIDTH="31" VPOS="607" HPOS="398"/><SP WIDTH="16" VPOS="609" HPOS="430"/><String CONTENT="type" HEIGHT="36" WIDTH="78" VPOS="609" HPOS="447"/><SP WIDTH="16" VPOS="617" HPOS="526"/><String CONTENT="of" HEIGHT="30" WIDTH="36" VPOS="606" HPOS="543"/><SP WIDTH="14" VPOS="606" HPOS="580"/><String CONTENT="creaky" HEIGHT="39" WIDTH="116" VPOS="606" HPOS="595"/><SP WIDTH="16" VPOS="617" HPOS="712"/><String CONTENT="voice)," HEIGHT="39" WIDTH="112" VPOS="606" HPOS="729"/><SP WIDTH="33" VPOS="611" HPOS="842"/><String CONTENT="tf," HEIGHT="37" WIDTH="39" VPOS="608" HPOS="876"/><SP WIDTH="18" VPOS="608" HPOS="916"/><String CONTENT="dg" HEIGHT="37" WIDTH="38" VPOS="608" HPOS="935"/><SP WIDTH="16" VPOS="617" HPOS="974"/><String CONTENT="are" HEIGHT="19" WIDTH="53" VPOS="617" HPOS="991"/><SP WIDTH="17" VPOS="617" HPOS="1045"/><String CONTENT="affricates," HEIGHT="30" WIDTH="170" VPOS="606" HPOS="1063"/><SP WIDTH="28" VPOS="615" HPOS="1234"/><String CONTENT="n" HEIGHT="21" WIDTH="21" VPOS="615" HPOS="1263"/><SP WIDTH="16" VPOS="605" HPOS="1285"/><String CONTENT="before" HEIGHT="31" WIDTH="107" VPOS="605" HPOS="1302"/><SP WIDTH="17" VPOS="608" HPOS="1410"/><String CONTENT="f," HEIGHT="33" WIDTH="21" VPOS="608" HPOS="1428"/><SP WIDTH="19" VPOS="617" HPOS="1450"/><String CONTENT="v" HEIGHT="20" WIDTH="19" VPOS="617" HPOS="1470"/><SP WIDTH="14" VPOS="617" HPOS="1490"/><String CONTENT="=" HEIGHT="10" WIDTH="33" VPOS="621" HPOS="1505"/><SP WIDTH="14" VPOS="615" HPOS="1539"/><String CONTENT="iij," HEIGHT="30" WIDTH="37" VPOS="615" HPOS="1554"/></TextLine>
<TextLine BASELINE="682" HEIGHT="42" WIDTH="1195" VPOS="650" HPOS="398"><String CONTENT="before" HEIGHT="33" WIDTH="106" VPOS="650" HPOS="398"/><SP WIDTH="15" VPOS="653" HPOS="505"/><String CONTENT="k," HEIGHT="34" WIDTH="28" VPOS="653" HPOS="521"/><SP WIDTH="18" VPOS="661" HPOS="550"/><String CONTENT="g" HEIGHT="30" WIDTH="15" VPOS="661" HPOS="569"/><SP WIDTH="16" VPOS="661" HPOS="585"/><String CONTENT="=" HEIGHT="11" WIDTH="35" VPOS="667" HPOS="602"/><SP WIDTH="11" VPOS="662" HPOS="638"/><String CONTENT="g," HEIGHT="30" WIDTH="28" VPOS="662" HPOS="650"/><SP WIDTH="17" VPOS="651" HPOS="679"/><String CONTENT="before" HEIGHT="32" WIDTH="106" VPOS="651" HPOS="697"/><SP WIDTH="17" VPOS="661" HPOS="804"/><String CONTENT="q," HEIGHT="28" WIDTH="19" VPOS="661" HPOS="822"/><SP WIDTH="12" VPOS="675" HPOS="842"/><String CONTENT="—" HEIGHT="4" WIDTH="35" VPOS="675" HPOS="855"/><SP WIDTH="13" VPOS="660" HPOS="891"/><String CONTENT="s." HEIGHT="23" WIDTH="24" VPOS="660" HPOS="905"/><SP WIDTH="40" VPOS="662" HPOS="930"/><String CONTENT="r" HEIGHT="21" WIDTH="16" VPOS="662" HPOS="971"/><SP WIDTH="8" VPOS="653" HPOS="988"/><String CONTENT="is" HEIGHT="30" WIDTH="26" VPOS="653" HPOS="997"/><SP WIDTH="15" VPOS="662" HPOS="1024"/><String CONTENT="a" HEIGHT="21" WIDTH="18" VPOS="662" HPOS="1040"/><SP WIDTH="15" VPOS="662" HPOS="1059"/><String CONTENT="weak" HEIGHT="32" WIDTH="89" VPOS="651" HPOS="1075"/><SP WIDTH="13" VPOS="651" HPOS="1165"/><String CONTENT="lingual" HEIGHT="41" WIDTH="120" VPOS="651" HPOS="1179"/><SP WIDTH="14" VPOS="651" HPOS="1300"/><String CONTENT="flap," HEIGHT="40" WIDTH="73" VPOS="651" HPOS="1315"/><SP WIDTH="17" VPOS="661" HPOS="1389"/><String CONTENT="often" HEIGHT="32" WIDTH="89" VPOS="651" HPOS="1407"/><SP WIDTH="15" VPOS="661" HPOS="1497"/><String CONTENT="with" HEIGHT="33" WIDTH="80" VPOS="650" HPOS="1513"/></TextLine>
<TextLine BASELINE="728" HEIGHT="42" WIDTH="1197" VPOS="696" HPOS="396"><String CONTENT="friction," HEIGHT="31" WIDTH="139" VPOS="697" HPOS="396"/><SP WIDTH="21" VPOS="708" HPOS="536"/><String CONTENT="x" HEIGHT="19" WIDTH="20" VPOS="708" HPOS="558"/><SP WIDTH="14" VPOS="708" HPOS="579"/><String CONTENT="=" HEIGHT="10" WIDTH="35" VPOS="713" HPOS="594"/><SP WIDTH="12" VPOS="709" HPOS="630"/><String CONTENT="a" HEIGHT="19" WIDTH="18" VPOS="709" HPOS="643"/><SP WIDTH="9" VPOS="709" HPOS="662"/><String CONTENT="strong" HEIGHT="37" WIDTH="110" VPOS="701" HPOS="672"/><SP WIDTH="9" VPOS="708" HPOS="783"/><String CONTENT="e." HEIGHT="20" WIDTH="26" VPOS="708" HPOS="793"/><SP WIDTH="27" VPOS="698" HPOS="820"/><String CONTENT="b," HEIGHT="35" WIDTH="29" VPOS="698" HPOS="848"/><SP WIDTH="11" VPOS="699" HPOS="878"/><String CONTENT="d," HEIGHT="35" WIDTH="27" VPOS="699" HPOS="890"/><SP WIDTH="12" VPOS="708" HPOS="918"/><String CONTENT="g," HEIGHT="30" WIDTH="26" VPOS="708" HPOS="931"/><SP WIDTH="12" VPOS="699" HPOS="958"/><String CONTENT="dg," HEIGHT="39" WIDTH="48" VPOS="699" HPOS="971"/><SP WIDTH="10" VPOS="699" HPOS="1020"/><String CONTENT="1," HEIGHT="34" WIDTH="20" VPOS="699" HPOS="1031"/><SP WIDTH="10" VPOS="708" HPOS="1052"/><String CONTENT="r," HEIGHT="25" WIDTH="25" VPOS="708" HPOS="1063"/><SP WIDTH="10" VPOS="708" HPOS="1089"/><String CONTENT="v," HEIGHT="25" WIDTH="29" VPOS="708" HPOS="1100"/><SP WIDTH="11" VPOS="708" HPOS="1130"/><String CONTENT="z," HEIGHT="25" WIDTH="25" VPOS="708" HPOS="1142"/><SP WIDTH="12" VPOS="708" HPOS="1168"/><String CONTENT="g" HEIGHT="30" WIDTH="16" VPOS="708" HPOS="1181"/><SP WIDTH="10" VPOS="708" HPOS="1198"/><String CONTENT="are" HEIGHT="20" WIDTH="52" VPOS="708" HPOS="1209"/><SP WIDTH="9" VPOS="708" HPOS="1262"/><String CONTENT="partially" HEIGHT="41" WIDTH="153" VPOS="697" HPOS="1272"/><SP WIDTH="9" VPOS="708" HPOS="1426"/><String CONTENT="unvoiced" HEIGHT="32" WIDTH="157" VPOS="696" HPOS="1436"/></TextLine>
<TextLine BASELINE="774" HEIGHT="42" WIDTH="1196" VPOS="743" HPOS="397"><String CONTENT="when" HEIGHT="31" WIDTH="91" VPOS="743" HPOS="397"/><SP WIDTH="9" VPOS="743" HPOS="489"/><String CONTENT="final," HEIGHT="31" WIDTH="84" VPOS="743" HPOS="499"/><SP WIDTH="22" VPOS="753" HPOS="584"/><String CONTENT="a" HEIGHT="21" WIDTH="18" VPOS="753" HPOS="607"/><SP WIDTH="9" VPOS="744" HPOS="626"/><String CONTENT="is" HEIGHT="30" WIDTH="26" VPOS="744" HPOS="636"/><SP WIDTH="10" VPOS="755" HPOS="663"/><String CONTENT="cardinal," HEIGHT="37" WIDTH="150" VPOS="744" HPOS="674"/><SP WIDTH="10" VPOS="743" HPOS="825"/><String CONTENT="but" HEIGHT="31" WIDTH="60" VPOS="743" HPOS="836"/><SP WIDTH="10" VPOS="749" HPOS="897"/><String CONTENT="with" HEIGHT="31" WIDTH="78" VPOS="744" HPOS="908"/><SP WIDTH="9" VPOS="744" HPOS="987"/><String CONTENT="some" HEIGHT="21" WIDTH="86" VPOS="753" HPOS="997"/><SP WIDTH="9" VPOS="743" HPOS="1084"/><String CONTENT="lip" HEIGHT="42" WIDTH="46" VPOS="743" HPOS="1094"/><SP WIDTH="9" VPOS="753" HPOS="1141"/><String CONTENT="protrusion" HEIGHT="39" WIDTH="182" VPOS="744" HPOS="1151"/><SP WIDTH="11" VPOS="744" HPOS="1334"/><String CONTENT="(practically" HEIGHT="40" WIDTH="199" VPOS="743" HPOS="1346"/><SP WIDTH="10" VPOS="753" HPOS="1546"/><String CONTENT="=" HEIGHT="12" WIDTH="36" VPOS="757" HPOS="1557"/></TextLine>
<TextLine BASELINE="819" HEIGHT="41" WIDTH="1198" VPOS="788" HPOS="397"><String CONTENT="n)." HEIGHT="39" WIDTH="41" VPOS="789" HPOS="397"/><SP WIDTH="35" VPOS="800" HPOS="439"/><String CONTENT="e," HEIGHT="24" WIDTH="25" VPOS="800" HPOS="475"/><SP WIDTH="19" VPOS="799" HPOS="501"/><String CONTENT="a," HEIGHT="25" WIDTH="26" VPOS="799" HPOS="521"/><SP WIDTH="18" VPOS="800" HPOS="548"/><String CONTENT="o" HEIGHT="19" WIDTH="17" VPOS="800" HPOS="567"/><SP WIDTH="16" VPOS="800" HPOS="585"/><String CONTENT="generally" HEIGHT="40" WIDTH="160" VPOS="789" HPOS="602"/><SP WIDTH="17" VPOS="800" HPOS="763"/><String CONTENT="=" HEIGHT="10" WIDTH="32" VPOS="805" HPOS="781"/><SP WIDTH="18" VPOS="799" HPOS="814"/><String CONTENT="e-r," HEIGHT="26" WIDTH="40" VPOS="799" HPOS="833"/><SP WIDTH="18" VPOS="799" HPOS="874"/><String CONTENT="a--" HEIGHT="20" WIDTH="43" VPOS="799" HPOS="893"/><SP WIDTH="17" VPOS="791" HPOS="937"/><String CONTENT="(a" HEIGHT="38" WIDTH="30" VPOS="791" HPOS="955"/><SP WIDTH="16" VPOS="788" HPOS="986"/><String CONTENT="kind" HEIGHT="31" WIDTH="79" VPOS="788" HPOS="1003"/><SP WIDTH="15" VPOS="789" HPOS="1083"/><String CONTENT="of" HEIGHT="30" WIDTH="36" VPOS="789" HPOS="1099"/><SP WIDTH="14" VPOS="789" HPOS="1136"/><String CONTENT="se)," HEIGHT="39" WIDTH="48" VPOS="789" HPOS="1151"/><SP WIDTH="17" VPOS="799" HPOS="1200"/><String CONTENT="o-r." HEIGHT="20" WIDTH="39" VPOS="799" HPOS="1218"/><SP WIDTH="42" VPOS="789" HPOS="1258"/><String CONTENT="i," HEIGHT="35" WIDTH="19" VPOS="789" HPOS="1301"/><SP WIDTH="18" VPOS="799" HPOS="1321"/><String CONTENT="e," HEIGHT="25" WIDTH="27" VPOS="799" HPOS="1340"/><SP WIDTH="18" VPOS="799" HPOS="1368"/><String CONTENT="a" HEIGHT="19" WIDTH="18" VPOS="799" HPOS="1387"/><SP WIDTH="23" VPOS="799" HPOS="1406"/><String CONTENT="are" HEIGHT="20" WIDTH="52" VPOS="799" HPOS="1430"/><SP WIDTH="21" VPOS="799" HPOS="1483"/><String CONTENT="often" HEIGHT="31" WIDTH="90" VPOS="788" HPOS="1505"/></TextLine>
<TextLine BASELINE="865" HEIGHT="40" WIDTH="1199" VPOS="834" HPOS="396"><String CONTENT="retracted" HEIGHT="30" WIDTH="161" VPOS="835" HPOS="396"/><SP WIDTH="13" VPOS="835" HPOS="558"/><String CONTENT="before" HEIGHT="30" WIDTH="106" VPOS="835" HPOS="572"/><SP WIDTH="13" VPOS="846" HPOS="679"/><String CONTENT="a" HEIGHT="19" WIDTH="18" VPOS="846" HPOS="693"/><SP WIDTH="14" VPOS="846" HPOS="712"/><String CONTENT="uvular" HEIGHT="30" WIDTH="114" VPOS="835" HPOS="727"/><SP WIDTH="12" VPOS="846" HPOS="842"/><String CONTENT="or" HEIGHT="19" WIDTH="35" VPOS="846" HPOS="855"/><SP WIDTH="14" VPOS="846" HPOS="891"/><String CONTENT="glottal" HEIGHT="39" WIDTH="113" VPOS="835" HPOS="906"/><SP WIDTH="13" VPOS="835" HPOS="1020"/><String CONTENT="consonant." HEIGHT="26" WIDTH="185" VPOS="839" HPOS="1034"/><SP WIDTH="28" VPOS="834" HPOS="1220"/><String CONTENT="Vowel" HEIGHT="31" WIDTH="108" VPOS="834" HPOS="1249"/><SP WIDTH="12" VPOS="834" HPOS="1358"/><String CONTENT="length" HEIGHT="40" WIDTH="111" VPOS="834" HPOS="1371"/><SP WIDTH="11" VPOS="834" HPOS="1483"/><String CONTENT="is" HEIGHT="30" WIDTH="26" VPOS="835" HPOS="1495"/><SP WIDTH="13" VPOS="845" HPOS="1522"/><String CONTENT="not" HEIGHT="29" WIDTH="59" VPOS="839" HPOS="1536"/></TextLine>
<TextLine BASELINE="910" HEIGHT="42" WIDTH="992" VPOS="879" HPOS="396"><String CONTENT="significant," HEIGHT="41" WIDTH="191" VPOS="879" HPOS="396"/><SP WIDTH="14" VPOS="880" HPOS="588"/><String CONTENT="hut" HEIGHT="30" WIDTH="60" VPOS="880" HPOS="603"/><SP WIDTH="14" VPOS="883" HPOS="664"/><String CONTENT="i," HEIGHT="32" WIDTH="20" VPOS="883" HPOS="679"/><SP WIDTH="16" VPOS="890" HPOS="700"/><String CONTENT="a," HEIGHT="26" WIDTH="29" VPOS="890" HPOS="717"/><SP WIDTH="14" VPOS="890" HPOS="747"/><String CONTENT="u" HEIGHT="20" WIDTH="19" VPOS="890" HPOS="762"/><SP WIDTH="14" VPOS="890" HPOS="782"/><String CONTENT="are" HEIGHT="19" WIDTH="51" VPOS="891" HPOS="797"/><SP WIDTH="15" VPOS="891" HPOS="849"/><String CONTENT="generally" HEIGHT="41" WIDTH="161" VPOS="880" HPOS="865"/><SP WIDTH="12" VPOS="880" HPOS="1027"/><String CONTENT="longer" HEIGHT="40" WIDTH="108" VPOS="880" HPOS="1040"/><SP WIDTH="13" VPOS="884" HPOS="1149"/><String CONTENT="than" HEIGHT="30" WIDTH="80" VPOS="880" HPOS="1163"/><SP WIDTH="15" VPOS="890" HPOS="1244"/><String CONTENT="e," HEIGHT="26" WIDTH="24" VPOS="890" HPOS="1260"/><SP WIDTH="17" VPOS="890" HPOS="1285"/><String CONTENT="a," HEIGHT="25" WIDTH="28" VPOS="890" HPOS="1303"/><SP WIDTH="16" VPOS="890" HPOS="1332"/><String CONTENT="o.]" HEIGHT="39" WIDTH="39" VPOS="880" HPOS="1349"/></TextLine>
<TextLine BASELINE="969" HEIGHT="45" WIDTH="1157" VPOS="934" HPOS="438"><String CONTENT="je" HEIGHT="41" WIDTH="30" VPOS="938" HPOS="438"/><SP WIDTH="12" VPOS="949" HPOS="469"/><String CONTENT="ruz" HEIGHT="20" WIDTH="55" VPOS="949" HPOS="482"/><SP WIDTH="14" VPOS="939" HPOS="538"/><String CONTENT="i" HEIGHT="30" WIDTH="10" VPOS="939" HPOS="553"/><SP WIDTH="13" VPOS="938" HPOS="564"/><String CONTENT="bad" HEIGHT="31" WIDTH="67" VPOS="938" HPOS="578"/><SP WIDTH="14" VPOS="938" HPOS="646"/><String CONTENT="e" HEIGHT="19" WIDTH="16" VPOS="950" HPOS="661"/><SP WIDTH="13" VPOS="938" HPOS="678"/><String CONTENT="Jomal" HEIGHT="41" WIDTH="100" VPOS="938" HPOS="692"/><SP WIDTH="12" VPOS="938" HPOS="793"/><String CONTENT="ba" HEIGHT="30" WIDTH="45" VPOS="939" HPOS="806"/><SP WIDTH="13" VPOS="949" HPOS="852"/><String CONTENT="xorjid" HEIGHT="41" WIDTH="105" VPOS="938" HPOS="866"/><SP WIDTH="12" VPOS="938" HPOS="972"/><String CONTENT="ba" HEIGHT="31" WIDTH="44" VPOS="938" HPOS="985"/><SP WIDTH="13" VPOS="938" HPOS="1030"/><String CONTENT="ham" HEIGHT="31" WIDTH="75" VPOS="938" HPOS="1044"/><SP WIDTH="14" VPOS="938" HPOS="1120"/><String CONTENT="da?va" HEIGHT="33" WIDTH="107" VPOS="936" HPOS="1135"/><SP WIDTH="12" VPOS="949" HPOS="1243"/><String CONTENT="mikardand" HEIGHT="31" WIDTH="190" VPOS="938" HPOS="1256"/><SP WIDTH="13" VPOS="938" HPOS="1447"/><String CONTENT="ke" HEIGHT="31" WIDTH="40" VPOS="938" HPOS="1461"/><SP WIDTH="15" VPOS="934" HPOS="1502"/><String CONTENT="?aja" HEIGHT="45" WIDTH="77" VPOS="934" HPOS="1518"/></TextLine>
<TextLine BASELINE="1015" HEIGHT="42" WIDTH="1195" VPOS="982" HPOS="398"><String CONTENT="kodum" HEIGHT="31" WIDTH="119" VPOS="984" HPOS="398"/><SP WIDTH="17" VPOS="984" HPOS="518"/><String CONTENT="jeki" HEIGHT="40" WIDTH="64" VPOS="984" HPOS="536"/><SP WIDTH="18" VPOS="985" HPOS="601"/><String CONTENT="qavitar" HEIGHT="39" WIDTH="127" VPOS="985" HPOS="620"/><SP WIDTH="16" VPOS="996" HPOS="748"/><String CONTENT="e." HEIGHT="19" WIDTH="26" VPOS="996" HPOS="765"/><SP WIDTH="37" VPOS="985" HPOS="792"/><String CONTENT="dar" HEIGHT="30" WIDTH="57" VPOS="985" HPOS="830"/><SP WIDTH="18" VPOS="982" HPOS="888"/><String CONTENT="?un" HEIGHT="33" WIDTH="62" VPOS="982" HPOS="907"/><SP WIDTH="16" VPOS="984" HPOS="970"/><String CONTENT="hin" HEIGHT="31" WIDTH="57" VPOS="984" HPOS="987"/><SP WIDTH="17" VPOS="996" HPOS="1045"/><String CONTENT="mosafer" HEIGHT="30" WIDTH="138" VPOS="985" HPOS="1063"/><SP WIDTH="16" VPOS="985" HPOS="1202"/><String CONTENT="i" HEIGHT="30" WIDTH="10" VPOS="985" HPOS="1219"/><SP WIDTH="16" VPOS="985" HPOS="1230"/><String CONTENT="resid" HEIGHT="31" WIDTH="82" VPOS="984" HPOS="1247"/><SP WIDTH="18" VPOS="984" HPOS="1330"/><String CONTENT="ke" HEIGHT="30" WIDTH="38" VPOS="984" HPOS="1349"/><SP WIDTH="17" VPOS="984" HPOS="1388"/><String CONTENT="labbade" HEIGHT="31" WIDTH="138" VPOS="984" HPOS="1406"/><SP WIDTH="17" VPOS="984" HPOS="1545"/><String CONTENT="je" HEIGHT="40" WIDTH="30" VPOS="984" HPOS="1563"/></TextLine>
<TextLine BASELINE="1060" HEIGHT="43" WIDTH="1198" VPOS="1028" HPOS="397"><String CONTENT="koloft" HEIGHT="31" WIDTH="103" VPOS="1029" HPOS="397"/><SP WIDTH="13" VPOS="1032" HPOS="501"/><String CONTENT="i" HEIGHT="28" WIDTH="9" VPOS="1032" HPOS="515"/><SP WIDTH="14" VPOS="1029" HPOS="525"/><String CONTENT="be" HEIGHT="31" WIDTH="38" VPOS="1029" HPOS="540"/><SP WIDTH="14" VPOS="1030" HPOS="579"/><String CONTENT="dour" HEIGHT="30" WIDTH="80" VPOS="1030" HPOS="594"/><SP WIDTH="13" VPOS="1041" HPOS="675"/><String CONTENT="e" HEIGHT="19" WIDTH="15" VPOS="1041" HPOS="689"/><SP WIDTH="15" VPOS="1041" HPOS="705"/><String CONTENT="xod" HEIGHT="30" WIDTH="62" VPOS="1030" HPOS="721"/><SP WIDTH="14" VPOS="1030" HPOS="784"/><String CONTENT="ej" HEIGHT="41" WIDTH="31" VPOS="1030" HPOS="799"/><SP WIDTH="11" VPOS="1030" HPOS="831"/><String CONTENT="pitjide" HEIGHT="40" WIDTH="116" VPOS="1030" HPOS="843"/><SP WIDTH="7" VPOS="1029" HPOS="960"/><String CONTENT="bud." HEIGHT="33" WIDTH="76" VPOS="1029" HPOS="968"/><SP WIDTH="29" VPOS="1028" HPOS="1045"/><String CONTENT="?unha" HEIGHT="34" WIDTH="108" VPOS="1028" HPOS="1075"/><SP WIDTH="9" VPOS="1040" HPOS="1184"/><String CONTENT="qarar" HEIGHT="30" WIDTH="95" VPOS="1040" HPOS="1194"/><SP WIDTH="6" VPOS="1040" HPOS="1290"/><String CONTENT="gozajtand" HEIGHT="41" WIDTH="175" VPOS="1029" HPOS="1297"/><SP WIDTH="8" VPOS="1029" HPOS="1473"/><String CONTENT="ke" HEIGHT="31" WIDTH="39" VPOS="1029" HPOS="1482"/><SP WIDTH="14" VPOS="1029" HPOS="1522"/><String CONTENT="har" HEIGHT="31" WIDTH="58" VPOS="1029" HPOS="1537"/></TextLine>
<TextLine BASELINE="1106" HEIGHT="43" WIDTH="1196" VPOS="1074" HPOS="397"><String CONTENT="kodum" HEIGHT="31" WIDTH="121" VPOS="1075" HPOS="397"/><SP WIDTH="19" VPOS="1087" HPOS="519"/><String CONTENT="ejun" HEIGHT="42" WIDTH="74" VPOS="1075" HPOS="539"/><SP WIDTH="17" VPOS="1075" HPOS="614"/><String CONTENT="ke" HEIGHT="32" WIDTH="40" VPOS="1075" HPOS="632"/><SP WIDTH="19" VPOS="1074" HPOS="673"/><String CONTENT="?avval" HEIGHT="33" WIDTH="116" VPOS="1074" HPOS="693"/><SP WIDTH="17" VPOS="1076" HPOS="810"/><String CONTENT="betune" HEIGHT="31" WIDTH="117" VPOS="1076" HPOS="828"/><SP WIDTH="18" VPOS="1087" HPOS="946"/><String CONTENT="mosafer" HEIGHT="31" WIDTH="140" VPOS="1076" HPOS="965"/><SP WIDTH="16" VPOS="1087" HPOS="1106"/><String CONTENT="ro" HEIGHT="20" WIDTH="36" VPOS="1087" HPOS="1123"/><SP WIDTH="17" VPOS="1087" HPOS="1160"/><String CONTENT="madgbur" HEIGHT="42" WIDTH="157" VPOS="1075" HPOS="1178"/><SP WIDTH="16" VPOS="1075" HPOS="1336"/><String CONTENT="kone" HEIGHT="31" WIDTH="82" VPOS="1075" HPOS="1353"/><SP WIDTH="18" VPOS="1076" HPOS="1436"/><String CONTENT="labbade" HEIGHT="31" WIDTH="138" VPOS="1075" HPOS="1455"/></TextLine>
<TextLine BASELINE="1153" HEIGHT="43" WIDTH="1197" VPOS="1119" HPOS="399"><String CONTENT="?aj" HEIGHT="43" WIDTH="52" VPOS="1119" HPOS="399"/><SP WIDTH="11" VPOS="1122" HPOS="452"/><String CONTENT="o" HEIGHT="20" WIDTH="18" VPOS="1132" HPOS="464"/><SP WIDTH="11" VPOS="1122" HPOS="483"/><String CONTENT="bekane," HEIGHT="37" WIDTH="132" VPOS="1122" HPOS="495"/><SP WIDTH="14" VPOS="1134" HPOS="628"/><String CONTENT="ma?lum" HEIGHT="34" WIDTH="140" VPOS="1119" HPOS="643"/><SP WIDTH="12" VPOS="1132" HPOS="784"/><String CONTENT="mije" HEIGHT="40" WIDTH="75" VPOS="1122" HPOS="797"/><SP WIDTH="11" VPOS="1122" HPOS="873"/><String CONTENT="ke" HEIGHT="31" WIDTH="39" VPOS="1122" HPOS="885"/><SP WIDTH="12" VPOS="1134" HPOS="925"/><String CONTENT="zur" HEIGHT="21" WIDTH="55" VPOS="1132" HPOS="938"/><SP WIDTH="12" VPOS="1134" HPOS="994"/><String CONTENT="e|" HEIGHT="40" WIDTH="30" VPOS="1122" HPOS="1007"/><SP WIDTH="11" VPOS="1122" HPOS="1038"/><String CONTENT="bijtar" HEIGHT="40" WIDTH="98" VPOS="1122" HPOS="1050"/><SP WIDTH="11" VPOS="1132" HPOS="1149"/><String CONTENT="e." HEIGHT="21" WIDTH="26" VPOS="1132" HPOS="1161"/><SP WIDTH="25" VPOS="1122" HPOS="1188"/><String CONTENT="bad" HEIGHT="31" WIDTH="66" VPOS="1122" HPOS="1214"/><SP WIDTH="11" VPOS="1122" HPOS="1281"/><String CONTENT="e" HEIGHT="20" WIDTH="16" VPOS="1132" HPOS="1293"/><SP WIDTH="11" VPOS="1122" HPOS="1310"/><String CONTENT="Jomal" HEIGHT="40" WIDTH="101" VPOS="1122" HPOS="1322"/><SP WIDTH="10" VPOS="1122" HPOS="1424"/><String CONTENT="ta" HEIGHT="28" WIDTH="38" VPOS="1125" HPOS="1435"/><SP WIDTH="10" VPOS="1125" HPOS="1474"/><String CONTENT="tunest" HEIGHT="27" WIDTH="111" VPOS="1125" HPOS="1485"/></TextLine>
<TextLine BASELINE="1198" HEIGHT="43" WIDTH="1198" VPOS="1165" HPOS="398"><String CONTENT="vazid," HEIGHT="37" WIDTH="103" VPOS="1167" HPOS="398"/><SP WIDTH="22" VPOS="1165" HPOS="502"/><String CONTENT="?amma" HEIGHT="33" WIDTH="129" VPOS="1165" HPOS="525"/><SP WIDTH="18" VPOS="1167" HPOS="655"/><String CONTENT="har" HEIGHT="31" WIDTH="58" VPOS="1167" HPOS="674"/><SP WIDTH="18" VPOS="1172" HPOS="733"/><String CONTENT="tje" HEIGHT="41" WIDTH="46" VPOS="1167" HPOS="752"/><SP WIDTH="19" VPOS="1167" HPOS="799"/><String CONTENT="bijtar" HEIGHT="41" WIDTH="100" VPOS="1167" HPOS="819"/><SP WIDTH="18" VPOS="1178" HPOS="920"/><String CONTENT="vazid," HEIGHT="37" WIDTH="105" VPOS="1167" HPOS="939"/><SP WIDTH="21" VPOS="1179" HPOS="1045"/><String CONTENT="mosafer" HEIGHT="31" WIDTH="139" VPOS="1167" HPOS="1067"/><SP WIDTH="17" VPOS="1167" HPOS="1207"/><String CONTENT="labbade" HEIGHT="31" WIDTH="138" VPOS="1167" HPOS="1225"/><SP WIDTH="22" VPOS="1165" HPOS="1364"/><String CONTENT="?aj" HEIGHT="43" WIDTH="52" VPOS="1165" HPOS="1387"/><SP WIDTH="17" VPOS="1167" HPOS="1440"/><String CONTENT="o" HEIGHT="19" WIDTH="18" VPOS="1178" HPOS="1458"/><SP WIDTH="18" VPOS="1167" HPOS="1477"/><String CONTENT="bijtar" HEIGHT="41" WIDTH="100" VPOS="1167" HPOS="1496"/></TextLine>
<TextLine BASELINE="1244" HEIGHT="42" WIDTH="1198" VPOS="1212" HPOS="398"><String CONTENT="dour" HEIGHT="31" WIDTH="81" VPOS="1213" HPOS="398"/><SP WIDTH="8" VPOS="1224" HPOS="480"/><String CONTENT="e" HEIGHT="20" WIDTH="17" VPOS="1224" HPOS="489"/><SP WIDTH="11" VPOS="1224" HPOS="507"/><String CONTENT="xod" HEIGHT="31" WIDTH="63" VPOS="1213" HPOS="519"/><SP WIDTH="10" VPOS="1213" HPOS="583"/><String CONTENT="ej" HEIGHT="41" WIDTH="31" VPOS="1213" HPOS="594"/><SP WIDTH="10" VPOS="1213" HPOS="626"/><String CONTENT="dgam?" HEIGHT="42" WIDTH="114" VPOS="1212" HPOS="637"/><SP WIDTH="11" VPOS="1212" HPOS="752"/><String CONTENT="kard." HEIGHT="31" WIDTH="89" VPOS="1213" HPOS="764"/><SP WIDTH="24" VPOS="1212" HPOS="854"/><String CONTENT="?aqebat" HEIGHT="42" WIDTH="140" VPOS="1212" HPOS="879"/><SP WIDTH="10" VPOS="1213" HPOS="1020"/><String CONTENT="bad" HEIGHT="31" WIDTH="67" VPOS="1213" HPOS="1031"/><SP WIDTH="9" VPOS="1214" HPOS="1099"/><String CONTENT="e" HEIGHT="19" WIDTH="16" VPOS="1225" HPOS="1109"/><SP WIDTH="10" VPOS="1213" HPOS="1126"/><String CONTENT="Jomal" HEIGHT="41" WIDTH="101" VPOS="1213" HPOS="1137"/><SP WIDTH="10" VPOS="1214" HPOS="1239"/><String CONTENT="xaste" HEIGHT="26" WIDTH="91" VPOS="1218" HPOS="1250"/><SP WIDTH="10" VPOS="1213" HPOS="1342"/><String CONTENT="Jod" HEIGHT="41" WIDTH="56" VPOS="1213" HPOS="1353"/><SP WIDTH="10" VPOS="1213" HPOS="1410"/><String CONTENT="o" HEIGHT="19" WIDTH="18" VPOS="1224" HPOS="1421"/><SP WIDTH="11" VPOS="1213" HPOS="1440"/><String CONTENT="dast" HEIGHT="31" WIDTH="73" VPOS="1213" HPOS="1452"/><SP WIDTH="10" VPOS="1213" HPOS="1526"/><String CONTENT="bar" HEIGHT="31" WIDTH="59" VPOS="1213" HPOS="1537"/></TextLine>
<TextLine BASELINE="1290" HEIGHT="43" WIDTH="1198" VPOS="1257" HPOS="398"><String CONTENT="dajt." HEIGHT="41" WIDTH="82" VPOS="1258" HPOS="398"/><SP WIDTH="39" VPOS="1258" HPOS="481"/><String CONTENT="ba?d" HEIGHT="33" WIDTH="84" VPOS="1257" HPOS="521"/><SP WIDTH="18" VPOS="1258" HPOS="606"/><String CONTENT="xorjid" HEIGHT="41" WIDTH="106" VPOS="1258" HPOS="625"/><SP WIDTH="17" VPOS="1260" HPOS="732"/><String CONTENT="tabid," HEIGHT="35" WIDTH="104" VPOS="1258" HPOS="750"/><SP WIDTH="20" VPOS="1270" HPOS="855"/><String CONTENT="va" HEIGHT="21" WIDTH="41" VPOS="1270" HPOS="876"/><SP WIDTH="19" VPOS="1257" HPOS="918"/><String CONTENT="?in" HEIGHT="34" WIDTH="53" VPOS="1257" HPOS="938"/><SP WIDTH="21" VPOS="1270" HPOS="992"/><String CONTENT="qadr" HEIGHT="40" WIDTH="79" VPOS="1260" HPOS="1014"/><SP WIDTH="16" VPOS="1269" HPOS="1094"/><String CONTENT="garni" HEIGHT="30" WIDTH="89" VPOS="1269" HPOS="1111"/><SP WIDTH="18" VPOS="1258" HPOS="1201"/><String CONTENT="Jod" HEIGHT="41" WIDTH="54" VPOS="1258" HPOS="1220"/><SP WIDTH="19" VPOS="1258" HPOS="1275"/><String CONTENT="ke" HEIGHT="32" WIDTH="39" VPOS="1258" HPOS="1295"/><SP WIDTH="17" VPOS="1258" HPOS="1335"/><String CONTENT="fouri" HEIGHT="32" WIDTH="83" VPOS="1258" HPOS="1353"/><SP WIDTH="19" VPOS="1258" HPOS="1437"/><String CONTENT="mosafer" HEIGHT="32" WIDTH="139" VPOS="1258" HPOS="1457"/></TextLine>
<TextLine BASELINE="1335" HEIGHT="44" WIDTH="1199" VPOS="1302" HPOS="397"><String CONTENT="labbade" HEIGHT="31" WIDTH="138" VPOS="1304" HPOS="397"/><SP WIDTH="18" VPOS="1302" HPOS="536"/><String CONTENT="?aj" HEIGHT="44" WIDTH="53" VPOS="1302" HPOS="555"/><SP WIDTH="17" VPOS="1304" HPOS="609"/><String CONTENT="o" HEIGHT="19" WIDTH="18" VPOS="1316" HPOS="627"/><SP WIDTH="19" VPOS="1304" HPOS="646"/><String CONTENT="dar" HEIGHT="34" WIDTH="56" VPOS="1304" HPOS="666"/><SP WIDTH="19" VPOS="1303" HPOS="723"/><String CONTENT="?avord." HEIGHT="33" WIDTH="130" VPOS="1303" HPOS="743"/><SP WIDTH="37" VPOS="1316" HPOS="874"/><String CONTENT="pas" HEIGHT="30" WIDTH="59" VPOS="1316" HPOS="912"/><SP WIDTH="16" VPOS="1304" HPOS="972"/><String CONTENT="bad" HEIGHT="32" WIDTH="67" VPOS="1304" HPOS="989"/><SP WIDTH="17" VPOS="1305" HPOS="1057"/><String CONTENT="e" HEIGHT="20" WIDTH="16" VPOS="1316" HPOS="1075"/><SP WIDTH="18" VPOS="1304" HPOS="1092"/><String CONTENT="Jomal" HEIGHT="42" WIDTH="100" VPOS="1304" HPOS="1111"/><SP WIDTH="17" VPOS="1304" HPOS="1212"/><String CONTENT="madgbur" HEIGHT="42" WIDTH="157" VPOS="1304" HPOS="1230"/><SP WIDTH="16" VPOS="1304" HPOS="1388"/><String CONTENT="Jod" HEIGHT="42" WIDTH="55" VPOS="1304" HPOS="1405"/><SP WIDTH="19" VPOS="1302" HPOS="1461"/><String CONTENT="?eqrar" HEIGHT="44" WIDTH="115" VPOS="1302" HPOS="1481"/></TextLine>
<TextLine BASELINE="1382" HEIGHT="41" WIDTH="530" VPOS="1351" HPOS="397"><String CONTENT="kone" HEIGHT="31" WIDTH="82" VPOS="1351" HPOS="397"/><SP WIDTH="13" VPOS="1351" HPOS="480"/><String CONTENT="ke" HEIGHT="31" WIDTH="40" VPOS="1351" HPOS="494"/><SP WIDTH="13" VPOS="1362" HPOS="535"/><String CONTENT="xorjid" HEIGHT="41" WIDTH="106" VPOS="1351" HPOS="549"/><SP WIDTH="14" VPOS="1351" HPOS="656"/><String CONTENT="zur" HEIGHT="20" WIDTH="56" VPOS="1362" HPOS="671"/><SP WIDTH="12" VPOS="1362" HPOS="728"/><String CONTENT="ej" HEIGHT="41" WIDTH="32" VPOS="1351" HPOS="741"/><SP WIDTH="12" VPOS="1351" HPOS="774"/><String CONTENT="bijtar" HEIGHT="41" WIDTH="100" VPOS="1351" HPOS="787"/><SP WIDTH="12" VPOS="1362" HPOS="888"/><String CONTENT="e." HEIGHT="19" WIDTH="26" VPOS="1363" HPOS="901"/></TextLine>
<TextLine BASELINE="1507" HEIGHT="32" WIDTH="193" VPOS="1475" HPOS="900" STYLEREFS="StyleId-C4C02943-12EB-4071-9F06-094E01572999-"><String CONTENT="Hindustani" HEIGHT="32" WIDTH="193" VPOS="1475" HPOS="900"/></TextLine>
<TextLine BASELINE="1557" HEIGHT="33" WIDTH="96" VPOS="1534" HPOS="948" STYLEREFS="StyleId-7B44A0B9-4645-4716-80D6-8C7742D9FACB-"><String CONTENT="(Urdu)" HEIGHT="33" WIDTH="96" VPOS="1534" HPOS="948"/></TextLine>
<TextLine BASELINE="1637" HEIGHT="40" WIDTH="1157" VPOS="1606" HPOS="439"><String CONTENT="[Stress" HEIGHT="40" WIDTH="116" VPOS="1606" HPOS="439"/><SP WIDTH="10" VPOS="1617" HPOS="556"/><String CONTENT="weak" HEIGHT="31" WIDTH="89" VPOS="1606" HPOS="567"/><SP WIDTH="11" VPOS="1606" HPOS="657"/><String CONTENT="and" HEIGHT="31" WIDTH="63" VPOS="1606" HPOS="669"/><SP WIDTH="11" VPOS="1606" HPOS="733"/><String CONTENT="variable," HEIGHT="31" WIDTH="151" VPOS="1606" HPOS="745"/><SP WIDTH="23" VPOS="1611" HPOS="897"/><String CONTENT="t," HEIGHT="31" WIDTH="23" VPOS="1611" HPOS="921"/><SP WIDTH="11" VPOS="1607" HPOS="945"/><String CONTENT="d" HEIGHT="30" WIDTH="20" VPOS="1607" HPOS="957"/><SP WIDTH="7" VPOS="1606" HPOS="978"/><String CONTENT="dental," HEIGHT="31" WIDTH="118" VPOS="1606" HPOS="986"/><SP WIDTH="29" VPOS="1617" HPOS="1105"/><String CONTENT="c," HEIGHT="25" WIDTH="23" VPOS="1617" HPOS="1135"/><SP WIDTH="10" VPOS="1617" HPOS="1159"/><String CONTENT="j" HEIGHT="29" WIDTH="13" VPOS="1617" HPOS="1170"/><SP WIDTH="11" VPOS="1617" HPOS="1184"/><String CONTENT="are" HEIGHT="20" WIDTH="52" VPOS="1617" HPOS="1196"/><SP WIDTH="11" VPOS="1617" HPOS="1249"/><String CONTENT="affricates" HEIGHT="31" WIDTH="160" VPOS="1606" HPOS="1261"/><SP WIDTH="12" VPOS="1607" HPOS="1422"/><String CONTENT="(varieties" HEIGHT="40" WIDTH="161" VPOS="1606" HPOS="1435"/></TextLine>
<TextLine BASELINE="1683" HEIGHT="41" WIDTH="1196" VPOS="1652" HPOS="397"><String CONTENT="of" HEIGHT="30" WIDTH="36" VPOS="1652" HPOS="397"/><SP WIDTH="14" VPOS="1652" HPOS="434"/><String CONTENT="tf," HEIGHT="38" WIDTH="30" VPOS="1653" HPOS="449"/><SP WIDTH="19" VPOS="1663" HPOS="480"/><String CONTENT="cj;)." HEIGHT="40" WIDTH="51" VPOS="1653" HPOS="500"/><SP WIDTH="40" VPOS="1663" HPOS="552"/><String CONTENT="Y" HEIGHT="28" WIDTH="18" VPOS="1663" HPOS="593"/><SP WIDTH="62" VPOS="1663" HPOS="612"/><String CONTENT="il" HEIGHT="20" WIDTH="27" VPOS="1663" HPOS="675"/><SP WIDTH="47" VPOS="1663" HPOS="703"/><String CONTENT="v" HEIGHT="20" WIDTH="19" VPOS="1663" HPOS="751"/><SP WIDTH="63" VPOS="1663" HPOS="771"/><String CONTENT="u." HEIGHT="20" WIDTH="28" VPOS="1663" HPOS="835"/><SP WIDTH="46" VPOS="1654" HPOS="864"/><String CONTENT="i," HEIGHT="34" WIDTH="19" VPOS="1654" HPOS="911"/><SP WIDTH="19" VPOS="1663" HPOS="931"/><String CONTENT="e," HEIGHT="25" WIDTH="26" VPOS="1663" HPOS="951"/><SP WIDTH="20" VPOS="1663" HPOS="978"/><String CONTENT="a," HEIGHT="25" WIDTH="28" VPOS="1663" HPOS="999"/><SP WIDTH="20" VPOS="1663" HPOS="1028"/><String CONTENT="o," HEIGHT="25" WIDTH="25" VPOS="1663" HPOS="1049"/><SP WIDTH="18" VPOS="1663" HPOS="1075"/><String CONTENT="u" HEIGHT="19" WIDTH="21" VPOS="1663" HPOS="1094"/><SP WIDTH="16" VPOS="1663" HPOS="1116"/><String CONTENT="are" HEIGHT="20" WIDTH="52" VPOS="1663" HPOS="1133"/><SP WIDTH="18" VPOS="1663" HPOS="1186"/><String CONTENT="generally" HEIGHT="41" WIDTH="160" VPOS="1652" HPOS="1205"/><SP WIDTH="16" VPOS="1663" HPOS="1366"/><String CONTENT="rather" HEIGHT="31" WIDTH="108" VPOS="1652" HPOS="1383"/><SP WIDTH="18" VPOS="1652" HPOS="1492"/><String CONTENT="long," HEIGHT="41" WIDTH="82" VPOS="1652" HPOS="1511"/></TextLine>
<TextLine BASELINE="1729" HEIGHT="42" WIDTH="1198" VPOS="1697" HPOS="397"><String CONTENT="i," HEIGHT="25" WIDTH="24" VPOS="1707" HPOS="397"/><SP WIDTH="26" VPOS="1707" HPOS="422"/><String CONTENT="o," HEIGHT="28" WIDTH="27" VPOS="1707" HPOS="449"/><SP WIDTH="26" VPOS="1708" HPOS="477"/><String CONTENT="9" HEIGHT="21" WIDTH="15" VPOS="1708" HPOS="504"/><SP WIDTH="26" VPOS="1708" HPOS="520"/><String CONTENT="are" HEIGHT="21" WIDTH="52" VPOS="1708" HPOS="547"/><SP WIDTH="24" VPOS="1708" HPOS="600"/><String CONTENT="generally" HEIGHT="42" WIDTH="161" VPOS="1697" HPOS="625"/><SP WIDTH="22" VPOS="1708" HPOS="787"/><String CONTENT="short," HEIGHT="33" WIDTH="98" VPOS="1697" HPOS="810"/><SP WIDTH="40" VPOS="1709" HPOS="909"/><String CONTENT="o" HEIGHT="21" WIDTH="15" VPOS="1709" HPOS="950"/><SP WIDTH="24" VPOS="1709" HPOS="966"/><String CONTENT="resembles" HEIGHT="33" WIDTH="168" VPOS="1697" HPOS="991"/><SP WIDTH="24" VPOS="1697" HPOS="1160"/><String CONTENT="English" HEIGHT="41" WIDTH="134" VPOS="1697" HPOS="1185"/><SP WIDTH="22" VPOS="1697" HPOS="1320"/><String CONTENT="a." HEIGHT="21" WIDTH="27" VPOS="1708" HPOS="1343"/><SP WIDTH="39" VPOS="1708" HPOS="1371"/><String CONTENT="si," HEIGHT="26" WIDTH="41" VPOS="1707" HPOS="1411"/><SP WIDTH="25" VPOS="1708" HPOS="1453"/><String CONTENT="ao" HEIGHT="22" WIDTH="39" VPOS="1707" HPOS="1479"/><SP WIDTH="22" VPOS="1707" HPOS="1519"/><String CONTENT="are" HEIGHT="21" WIDTH="53" VPOS="1708" HPOS="1542"/></TextLine>
<TextLine BASELINE="1774" HEIGHT="42" WIDTH="1197" VPOS="1743" HPOS="396"><String CONTENT="diphthongs," HEIGHT="41" WIDTH="205" VPOS="1743" HPOS="396"/><SP WIDTH="39" VPOS="1755" HPOS="602"/><String CONTENT="er" HEIGHT="21" WIDTH="33" VPOS="1754" HPOS="642"/><SP WIDTH="14" VPOS="1743" HPOS="676"/><String CONTENT="begins" HEIGHT="41" WIDTH="110" VPOS="1743" HPOS="691"/><SP WIDTH="18" VPOS="1755" HPOS="802"/><String CONTENT="with" HEIGHT="32" WIDTH="80" VPOS="1743" HPOS="821"/><SP WIDTH="17" VPOS="1743" HPOS="902"/><String CONTENT="a" HEIGHT="19" WIDTH="18" VPOS="1755" HPOS="920"/><SP WIDTH="17" VPOS="1744" HPOS="939"/><String CONTENT="forward" HEIGHT="31" WIDTH="137" VPOS="1744" HPOS="957"/><SP WIDTH="17" VPOS="1744" HPOS="1095"/><String CONTENT="variety" HEIGHT="41" WIDTH="128" VPOS="1744" HPOS="1113"/><SP WIDTH="17" VPOS="1755" HPOS="1242"/><String CONTENT="of" HEIGHT="31" WIDTH="35" VPOS="1743" HPOS="1260"/><SP WIDTH="16" VPOS="1743" HPOS="1296"/><String CONTENT="9" HEIGHT="20" WIDTH="14" VPOS="1754" HPOS="1313"/><SP WIDTH="18" VPOS="1754" HPOS="1328"/><String CONTENT="resembling" HEIGHT="41" WIDTH="190" VPOS="1743" HPOS="1347"/><SP WIDTH="18" VPOS="1754" HPOS="1538"/><String CONTENT="e;" HEIGHT="27" WIDTH="36" VPOS="1754" HPOS="1557"/></TextLine>
<TextLine BASELINE="1820" HEIGHT="42" WIDTH="1197" VPOS="1789" HPOS="398"><String CONTENT="90" HEIGHT="21" WIDTH="37" VPOS="1799" HPOS="398"/><SP WIDTH="14" VPOS="1789" HPOS="436"/><String CONTENT="begins" HEIGHT="40" WIDTH="109" VPOS="1789" HPOS="451"/><SP WIDTH="17" VPOS="1801" HPOS="561"/><String CONTENT="with" HEIGHT="31" WIDTH="81" VPOS="1790" HPOS="579"/><SP WIDTH="17" VPOS="1790" HPOS="661"/><String CONTENT="a" HEIGHT="19" WIDTH="18" VPOS="1801" HPOS="679"/><SP WIDTH="17" VPOS="1790" HPOS="698"/><String CONTENT="back" HEIGHT="31" WIDTH="82" VPOS="1790" HPOS="716"/><SP WIDTH="17" VPOS="1790" HPOS="799"/><String CONTENT="variety" HEIGHT="41" WIDTH="127" VPOS="1790" HPOS="817"/><SP WIDTH="16" VPOS="1801" HPOS="945"/><String CONTENT="of" HEIGHT="30" WIDTH="36" VPOS="1790" HPOS="962"/><SP WIDTH="15" VPOS="1790" HPOS="999"/><String CONTENT="a" HEIGHT="20" WIDTH="16" VPOS="1801" HPOS="1015"/><SP WIDTH="17" VPOS="1801" HPOS="1032"/><String CONTENT="resembling" HEIGHT="40" WIDTH="189" VPOS="1789" HPOS="1050"/><SP WIDTH="19" VPOS="1799" HPOS="1240"/><String CONTENT="a." HEIGHT="19" WIDTH="23" VPOS="1801" HPOS="1260"/><SP WIDTH="42" VPOS="1790" HPOS="1284"/><String CONTENT="(In" HEIGHT="38" WIDTH="50" VPOS="1790" HPOS="1327"/><SP WIDTH="16" VPOS="1793" HPOS="1378"/><String CONTENT="the" HEIGHT="30" WIDTH="57" VPOS="1790" HPOS="1395"/><SP WIDTH="17" VPOS="1790" HPOS="1453"/><String CONTENT="Panjab" HEIGHT="39" WIDTH="124" VPOS="1790" HPOS="1471"/></TextLine>
<TextLine BASELINE="1865" HEIGHT="41" WIDTH="1199" VPOS="1835" HPOS="397"><String CONTENT="these" HEIGHT="30" WIDTH="89" VPOS="1835" HPOS="397"/><SP WIDTH="11" VPOS="1835" HPOS="487"/><String CONTENT="diphthongs" HEIGHT="41" WIDTH="196" VPOS="1835" HPOS="499"/><SP WIDTH="11" VPOS="1846" HPOS="696"/><String CONTENT="are" HEIGHT="19" WIDTH="51" VPOS="1846" HPOS="708"/><SP WIDTH="10" VPOS="1846" HPOS="760"/><String CONTENT="replaced" HEIGHT="41" WIDTH="147" VPOS="1835" HPOS="771"/><SP WIDTH="10" VPOS="1835" HPOS="919"/><String CONTENT="by" HEIGHT="41" WIDTH="44" VPOS="1835" HPOS="930"/><SP WIDTH="10" VPOS="1846" HPOS="975"/><String CONTENT="monophthongal" HEIGHT="41" WIDTH="274" VPOS="1835" HPOS="986"/><SP WIDTH="11" VPOS="1835" HPOS="1261"/><String CONTENT="e:," HEIGHT="29" WIDTH="41" VPOS="1845" HPOS="1273"/><SP WIDTH="11" VPOS="1846" HPOS="1315"/><String CONTENT="o:.)" HEIGHT="39" WIDTH="49" VPOS="1835" HPOS="1327"/><SP WIDTH="23" VPOS="1835" HPOS="1377"/><String CONTENT="h" HEIGHT="28" WIDTH="21" VPOS="1837" HPOS="1401"/><SP WIDTH="11" VPOS="1835" HPOS="1423"/><String CONTENT="following" HEIGHT="40" WIDTH="161" VPOS="1835" HPOS="1435"/></TextLine>
<TextLine BASELINE="1911" HEIGHT="41" WIDTH="1198" VPOS="1881" HPOS="398"><String CONTENT="a" HEIGHT="19" WIDTH="18" VPOS="1892" HPOS="398"/><SP WIDTH="17" VPOS="1892" HPOS="417"/><String CONTENT="vowel" HEIGHT="30" WIDTH="101" VPOS="1881" HPOS="435"/><SP WIDTH="19" VPOS="1881" HPOS="537"/><String CONTENT="and" HEIGHT="30" WIDTH="62" VPOS="1881" HPOS="557"/><SP WIDTH="17" VPOS="1881" HPOS="620"/><String CONTENT="terminating" HEIGHT="40" WIDTH="209" VPOS="1881" HPOS="638"/><SP WIDTH="17" VPOS="1892" HPOS="848"/><String CONTENT="a" HEIGHT="19" WIDTH="19" VPOS="1892" HPOS="866"/><SP WIDTH="18" VPOS="1892" HPOS="886"/><String CONTENT="syllable," HEIGHT="41" WIDTH="142" VPOS="1881" HPOS="905"/><SP WIDTH="20" VPOS="1892" HPOS="1048"/><String CONTENT="as" HEIGHT="20" WIDTH="35" VPOS="1892" HPOS="1069"/><SP WIDTH="17" VPOS="1882" HPOS="1105"/><String CONTENT="in" HEIGHT="29" WIDTH="32" VPOS="1882" HPOS="1123"/><SP WIDTH="19" VPOS="1891" HPOS="1156"/><String CONTENT="paihne," HEIGHT="35" WIDTH="125" VPOS="1882" HPOS="1176"/><SP WIDTH="17" VPOS="1892" HPOS="1302"/><String CONTENT="means" HEIGHT="19" WIDTH="108" VPOS="1892" HPOS="1320"/><SP WIDTH="17" VPOS="1885" HPOS="1429"/><String CONTENT="that" HEIGHT="30" WIDTH="74" VPOS="1881" HPOS="1447"/><SP WIDTH="18" VPOS="1885" HPOS="1522"/><String CONTENT="the" HEIGHT="30" WIDTH="55" VPOS="1881" HPOS="1541"/></TextLine>
<TextLine BASELINE="1958" HEIGHT="40" WIDTH="728" VPOS="1927" HPOS="397"><String CONTENT="vowel" HEIGHT="30" WIDTH="101" VPOS="1927" HPOS="397"/><SP WIDTH="11" VPOS="1927" HPOS="499"/><String CONTENT="is" HEIGHT="30" WIDTH="26" VPOS="1927" HPOS="511"/><SP WIDTH="12" VPOS="1937" HPOS="538"/><String CONTENT="pronounced" HEIGHT="40" WIDTH="205" VPOS="1927" HPOS="551"/><SP WIDTH="11" VPOS="1927" HPOS="757"/><String CONTENT="with" HEIGHT="31" WIDTH="79" VPOS="1927" HPOS="769"/><SP WIDTH="11" VPOS="1927" HPOS="849"/><String CONTENT="breathy" HEIGHT="40" WIDTH="137" VPOS="1927" HPOS="861"/><SP WIDTH="11" VPOS="1937" HPOS="999"/><String CONTENT="voice.]" HEIGHT="39" WIDTH="114" VPOS="1927" HPOS="1011"/></TextLine>
<TextLine BASELINE="2015" HEIGHT="42" WIDTH="1157" VPOS="1984" HPOS="438"><String CONTENT="hava" HEIGHT="31" WIDTH="83" VPOS="1984" HPOS="438"/><SP WIDTH="14" VPOS="1995" HPOS="522"/><String CONTENT="aor" HEIGHT="20" WIDTH="53" VPOS="1995" HPOS="537"/><SP WIDTH="15" VPOS="1995" HPOS="591"/><String CONTENT="suraj" HEIGHT="31" WIDTH="85" VPOS="1995" HPOS="607"/><SP WIDTH="15" VPOS="1995" HPOS="693"/><String CONTENT="rs" HEIGHT="20" WIDTH="31" VPOS="1995" HPOS="709"/><SP WIDTH="15" VPOS="1984" HPOS="741"/><String CONTENT="hat" HEIGHT="31" WIDTH="58" VPOS="1984" HPOS="757"/><SP WIDTH="13" VPOS="1988" HPOS="816"/><String CONTENT="par" HEIGHT="29" WIDTH="57" VPOS="1996" HPOS="830"/><SP WIDTH="11" VPOS="1996" HPOS="888"/><String CONTENT="jhagaj;" HEIGHT="41" WIDTH="111" VPOS="1985" HPOS="900"/><SP WIDTH="13" VPOS="1996" HPOS="1012"/><String CONTENT="rahe" HEIGHT="31" WIDTH="74" VPOS="1984" HPOS="1026"/><SP WIDTH="15" VPOS="1989" HPOS="1101"/><String CONTENT="the" HEIGHT="31" WIDTH="55" VPOS="1984" HPOS="1117"/><SP WIDTH="15" VPOS="1984" HPOS="1173"/><String CONTENT="ki" HEIGHT="31" WIDTH="38" VPOS="1984" HPOS="1189"/><SP WIDTH="14" VPOS="1984" HPOS="1228"/><String CONTENT="ham" HEIGHT="31" WIDTH="73" VPOS="1984" HPOS="1243"/><SP WIDTH="15" VPOS="1984" HPOS="1317"/><String CONTENT="dono" HEIGHT="31" WIDTH="84" VPOS="1984" HPOS="1333"/><SP WIDTH="15" VPOS="1995" HPOS="1418"/><String CONTENT="me" HEIGHT="19" WIDTH="51" VPOS="1996" HPOS="1434"/><SP WIDTH="14" VPOS="1995" HPOS="1486"/><String CONTENT="zjada" HEIGHT="41" WIDTH="94" VPOS="1984" HPOS="1501"/></TextLine>
<TextLine BASELINE="2061" HEIGHT="40" WIDTH="1199" VPOS="2030" HPOS="397"><String CONTENT="taqatvar" HEIGHT="36" WIDTH="151" VPOS="2034" HPOS="397"/><SP WIDTH="15" VPOS="2030" HPOS="549"/><String CONTENT="keen" HEIGHT="31" WIDTH="82" VPOS="2030" HPOS="565"/><SP WIDTH="17" VPOS="2030" HPOS="648"/><String CONTENT="har." HEIGHT="31" WIDTH="65" VPOS="2030" HPOS="666"/><SP WIDTH="35" VPOS="2042" HPOS="732"/><String CONTENT="rtne" HEIGHT="27" WIDTH="71" VPOS="2034" HPOS="768"/><SP WIDTH="16" VPOS="2042" HPOS="840"/><String CONTENT="me" HEIGHT="19" WIDTH="51" VPOS="2042" HPOS="857"/><SP WIDTH="15" VPOS="2042" HPOS="909"/><String CONTENT="garam" HEIGHT="27" WIDTH="106" VPOS="2042" HPOS="925"/><SP WIDTH="17" VPOS="2042" HPOS="1032"/><String CONTENT="coya" HEIGHT="30" WIDTH="81" VPOS="2040" HPOS="1050"/><SP WIDTH="16" VPOS="2040" HPOS="1132"/><String CONTENT="porhne" HEIGHT="40" WIDTH="118" VPOS="2030" HPOS="1149"/><SP WIDTH="17" VPOS="2042" HPOS="1268"/><String CONTENT="ek" HEIGHT="31" WIDTH="39" VPOS="2030" HPOS="1286"/><SP WIDTH="16" VPOS="2030" HPOS="1326"/><String CONTENT="mosafrr" HEIGHT="31" WIDTH="136" VPOS="2030" HPOS="1343"/><SP WIDTH="16" VPOS="2042" HPOS="1480"/><String CONTENT="odhar" HEIGHT="31" WIDTH="99" VPOS="2030" HPOS="1497"/></TextLine>
<TextLine BASELINE="2106" HEIGHT="42" WIDTH="1197" VPOS="2075" HPOS="398"><String CONTENT="a" HEIGHT="20" WIDTH="18" VPOS="2086" HPOS="398"/><SP WIDTH="16" VPOS="2086" HPOS="417"/><String CONTENT="nrkla." HEIGHT="31" WIDTH="102" VPOS="2075" HPOS="434"/><SP WIDTH="37" VPOS="2087" HPOS="537"/><String CONTENT="rn" HEIGHT="20" WIDTH="36" VPOS="2086" HPOS="575"/><SP WIDTH="17" VPOS="2076" HPOS="612"/><String CONTENT="dono" HEIGHT="30" WIDTH="84" VPOS="2076" HPOS="630"/><SP WIDTH="16" VPOS="2087" HPOS="715"/><String CONTENT="me" HEIGHT="19" WIDTH="51" VPOS="2087" HPOS="732"/><SP WIDTH="15" VPOS="2075" HPOS="784"/><String CONTENT="jr" HEIGHT="41" WIDTH="30" VPOS="2075" HPOS="800"/><SP WIDTH="17" VPOS="2080" HPOS="831"/><String CONTENT="Jhathra" HEIGHT="41" WIDTH="128" VPOS="2076" HPOS="849"/><SP WIDTH="16" VPOS="2076" HPOS="978"/><String CONTENT="kr" HEIGHT="30" WIDTH="39" VPOS="2076" HPOS="995"/><SP WIDTH="13" VPOS="2086" HPOS="1035"/><String CONTENT="jo" HEIGHT="31" WIDTH="33" VPOS="2086" HPOS="1049"/><SP WIDTH="17" VPOS="2075" HPOS="1083"/><String CONTENT="koi" HEIGHT="31" WIDTH="54" VPOS="2075" HPOS="1101"/><SP WIDTH="16" VPOS="2076" HPOS="1156"/><String CONTENT="parhle" HEIGHT="41" WIDTH="107" VPOS="2075" HPOS="1173"/><SP WIDTH="17" VPOS="2087" HPOS="1281"/><String CONTENT="mosafir" HEIGHT="31" WIDTH="135" VPOS="2075" HPOS="1299"/><SP WIDTH="16" VPOS="2075" HPOS="1435"/><String CONTENT="ka" HEIGHT="31" WIDTH="41" VPOS="2075" HPOS="1452"/><SP WIDTH="17" VPOS="2086" HPOS="1494"/><String CONTENT="coya" HEIGHT="31" WIDTH="83" VPOS="2086" HPOS="1512"/></TextLine>
<TextLine BASELINE="2152" HEIGHT="42" WIDTH="1197" VPOS="2121" HPOS="398"><String CONTENT="otarva" HEIGHT="26" WIDTH="111" VPOS="2126" HPOS="398"/><SP WIDTH="18" VPOS="2121" HPOS="510"/><String CONTENT="le," HEIGHT="38" WIDTH="38" VPOS="2121" HPOS="529"/><SP WIDTH="20" VPOS="2133" HPOS="568"/><String CONTENT="vohi" HEIGHT="30" WIDTH="77" VPOS="2122" HPOS="589"/><SP WIDTH="17" VPOS="2122" HPOS="667"/><String CONTENT="zjada" HEIGHT="41" WIDTH="92" VPOS="2121" HPOS="685"/><SP WIDTH="19" VPOS="2126" HPOS="778"/><String CONTENT="taqatvar" HEIGHT="37" WIDTH="151" VPOS="2126" HPOS="798"/><SP WIDTH="17" VPOS="2133" HPOS="950"/><String CONTENT="samjha" HEIGHT="41" WIDTH="123" VPOS="2122" HPOS="968"/><SP WIDTH="16" VPOS="2132" HPOS="1092"/><String CONTENT="jaega." HEIGHT="31" WIDTH="103" VPOS="2132" HPOS="1109"/><SP WIDTH="39" VPOS="2132" HPOS="1213"/><String CONTENT="rs" HEIGHT="21" WIDTH="31" VPOS="2132" HPOS="1253"/><SP WIDTH="17" VPOS="2132" HPOS="1285"/><String CONTENT="par" HEIGHT="30" WIDTH="56" VPOS="2132" HPOS="1303"/><SP WIDTH="18" VPOS="2121" HPOS="1360"/><String CONTENT="hava" HEIGHT="31" WIDTH="81" VPOS="2121" HPOS="1379"/><SP WIDTH="20" VPOS="2132" HPOS="1461"/><String CONTENT="zor" HEIGHT="20" WIDTH="54" VPOS="2132" HPOS="1482"/><SP WIDTH="17" VPOS="2121" HPOS="1537"/><String CONTENT="ke" HEIGHT="32" WIDTH="40" VPOS="2121" HPOS="1555"/></TextLine>
<TextLine BASELINE="2199" HEIGHT="44" WIDTH="1199" VPOS="2166" HPOS="397"><String CONTENT="sath" HEIGHT="32" WIDTH="73" VPOS="2166" HPOS="397"/><SP WIDTH="16" VPOS="2166" HPOS="471"/><String CONTENT="colne" HEIGHT="33" WIDTH="88" VPOS="2166" HPOS="488"/><SP WIDTH="16" VPOS="2168" HPOS="577"/><String CONTENT="lagi," HEIGHT="38" WIDTH="71" VPOS="2168" HPOS="594"/><SP WIDTH="17" VPOS="2178" HPOS="666"/><String CONTENT="par" HEIGHT="30" WIDTH="56" VPOS="2178" HPOS="684"/><SP WIDTH="16" VPOS="2178" HPOS="741"/><String CONTENT="vo" HEIGHT="20" WIDTH="42" VPOS="2178" HPOS="758"/><SP WIDTH="13" VPOS="2178" HPOS="801"/><String CONTENT="jjujju" HEIGHT="44" WIDTH="103" VPOS="2166" HPOS="815"/><SP WIDTH="16" VPOS="2178" HPOS="919"/><String CONTENT="zor" HEIGHT="21" WIDTH="53" VPOS="2178" HPOS="936"/><SP WIDTH="16" VPOS="2180" HPOS="990"/><String CONTENT="me" HEIGHT="19" WIDTH="51" VPOS="2180" HPOS="1007"/><SP WIDTH="16" VPOS="2166" HPOS="1059"/><String CONTENT="bajhti" HEIGHT="42" WIDTH="106" VPOS="2166" HPOS="1076"/><SP WIDTH="15" VPOS="2169" HPOS="1183"/><String CONTENT="gai," HEIGHT="39" WIDTH="60" VPOS="2168" HPOS="1199"/><SP WIDTH="17" VPOS="2171" HPOS="1260"/><String CONTENT="tjutju" HEIGHT="42" WIDTH="105" VPOS="2166" HPOS="1278"/><SP WIDTH="15" VPOS="2178" HPOS="1384"/><String CONTENT="vo" HEIGHT="20" WIDTH="42" VPOS="2178" HPOS="1400"/><SP WIDTH="16" VPOS="2178" HPOS="1443"/><String CONTENT="mosafrr" HEIGHT="31" WIDTH="136" VPOS="2168" HPOS="1460"/></TextLine>
<TextLine BASELINE="2243" HEIGHT="41" WIDTH="1198" VPOS="2213" HPOS="397"><String CONTENT="apne" HEIGHT="30" WIDTH="80" VPOS="2224" HPOS="397"/><SP WIDTH="18" VPOS="2213" HPOS="478"/><String CONTENT="badan" HEIGHT="30" WIDTH="100" VPOS="2213" HPOS="497"/><SP WIDTH="19" VPOS="2224" HPOS="598"/><String CONTENT="par" HEIGHT="30" WIDTH="55" VPOS="2224" HPOS="618"/><SP WIDTH="17" VPOS="2224" HPOS="674"/><String CONTENT="coyeko" HEIGHT="41" WIDTH="123" VPOS="2213" HPOS="692"/><SP WIDTH="16" VPOS="2224" HPOS="816"/><String CONTENT="oor" HEIGHT="20" WIDTH="55" VPOS="2224" HPOS="833"/><SP WIDTH="16" VPOS="2213" HPOS="889"/><String CONTENT="bhi" HEIGHT="31" WIDTH="54" VPOS="2213" HPOS="906"/><SP WIDTH="17" VPOS="2214" HPOS="961"/><String CONTENT="zjada" HEIGHT="41" WIDTH="94" VPOS="2213" HPOS="979"/><SP WIDTH="17" VPOS="2213" HPOS="1074"/><String CONTENT="lapejta" HEIGHT="41" WIDTH="121" VPOS="2213" HPOS="1092"/><SP WIDTH="16" VPOS="2224" HPOS="1214"/><String CONTENT="gaja." HEIGHT="41" WIDTH="82" VPOS="2213" HPOS="1231"/><SP WIDTH="36" VPOS="2224" HPOS="1314"/><String CONTENT="axrr" HEIGHT="20" WIDTH="74" VPOS="2224" HPOS="1351"/><SP WIDTH="15" VPOS="2224" HPOS="1426"/><String CONTENT="me" HEIGHT="20" WIDTH="52" VPOS="2224" HPOS="1442"/><SP WIDTH="17" VPOS="2213" HPOS="1495"/><String CONTENT="hava" HEIGHT="31" WIDTH="82" VPOS="2213" HPOS="1513"/></TextLine>
<TextLine BASELINE="2289" HEIGHT="41" WIDTH="1200" VPOS="2259" HPOS="397"><String CONTENT="ne" HEIGHT="20" WIDTH="40" VPOS="2270" HPOS="397"/><SP WIDTH="13" VPOS="2270" HPOS="438"/><String CONTENT="apni" HEIGHT="40" WIDTH="75" VPOS="2260" HPOS="452"/><SP WIDTH="13" VPOS="2259" HPOS="528"/><String CONTENT="kojrj" HEIGHT="41" WIDTH="85" VPOS="2259" HPOS="542"/><SP WIDTH="14" VPOS="2259" HPOS="628"/><String CONTENT="choy" HEIGHT="41" WIDTH="76" VPOS="2259" HPOS="643"/><SP WIDTH="13" VPOS="2259" HPOS="720"/><String CONTENT="di." HEIGHT="31" WIDTH="42" VPOS="2259" HPOS="734"/><SP WIDTH="31" VPOS="2270" HPOS="777"/><String CONTENT="phrr" HEIGHT="41" WIDTH="76" VPOS="2259" HPOS="809"/><SP WIDTH="14" VPOS="2271" HPOS="886"/><String CONTENT="suraj" HEIGHT="30" WIDTH="84" VPOS="2270" HPOS="901"/><SP WIDTH="12" VPOS="2264" HPOS="986"/><String CONTENT="tezi" HEIGHT="31" WIDTH="64" VPOS="2259" HPOS="999"/><SP WIDTH="14" VPOS="2259" HPOS="1064"/><String CONTENT="ke" HEIGHT="31" WIDTH="39" VPOS="2259" HPOS="1079"/><SP WIDTH="14" VPOS="2270" HPOS="1119"/><String CONTENT="sath" HEIGHT="31" WIDTH="73" VPOS="2259" HPOS="1134"/><SP WIDTH="14" VPOS="2259" HPOS="1208"/><String CONTENT="nrkla," HEIGHT="37" WIDTH="102" VPOS="2259" HPOS="1223"/><SP WIDTH="14" VPOS="2270" HPOS="1326"/><String CONTENT="aor" HEIGHT="20" WIDTH="54" VPOS="2270" HPOS="1341"/><SP WIDTH="15" VPOS="2270" HPOS="1396"/><String CONTENT="os" HEIGHT="19" WIDTH="34" VPOS="2270" HPOS="1412"/><SP WIDTH="13" VPOS="2270" HPOS="1447"/><String CONTENT="mosafrr" HEIGHT="31" WIDTH="136" VPOS="2259" HPOS="1461"/></TextLine>
<TextLine BASELINE="2335" HEIGHT="41" WIDTH="1199" VPOS="2304" HPOS="397"><String CONTENT="ne" HEIGHT="19" WIDTH="40" VPOS="2315" HPOS="397"/><SP WIDTH="14" VPOS="2315" HPOS="438"/><String CONTENT="jhaf" HEIGHT="41" WIDTH="72" VPOS="2304" HPOS="453"/><SP WIDTH="16" VPOS="2309" HPOS="526"/><String CONTENT="se" HEIGHT="21" WIDTH="34" VPOS="2315" HPOS="543"/><SP WIDTH="17" VPOS="2315" HPOS="578"/><String CONTENT="apna" HEIGHT="30" WIDTH="82" VPOS="2315" HPOS="596"/><SP WIDTH="17" VPOS="2316" HPOS="679"/><String CONTENT="coya" HEIGHT="30" WIDTH="82" VPOS="2315" HPOS="697"/><SP WIDTH="18" VPOS="2315" HPOS="780"/><String CONTENT="otar" HEIGHT="27" WIDTH="71" VPOS="2309" HPOS="799"/><SP WIDTH="16" VPOS="2304" HPOS="871"/><String CONTENT="dia." HEIGHT="32" WIDTH="63" VPOS="2304" HPOS="888"/><SP WIDTH="44" VPOS="2316" HPOS="952"/><String CONTENT="rs" HEIGHT="21" WIDTH="30" VPOS="2315" HPOS="997"/><SP WIDTH="16" VPOS="2304" HPOS="1028"/><String CONTENT="lie" HEIGHT="32" WIDTH="41" VPOS="2304" HPOS="1045"/><SP WIDTH="17" VPOS="2304" HPOS="1087"/><String CONTENT="hava" HEIGHT="30" WIDTH="82" VPOS="2304" HPOS="1105"/><SP WIDTH="16" VPOS="2304" HPOS="1188"/><String CONTENT="ko" HEIGHT="30" WIDTH="42" VPOS="2304" HPOS="1205"/><SP WIDTH="17" VPOS="2315" HPOS="1248"/><String CONTENT="manna" HEIGHT="21" WIDTH="117" VPOS="2315" HPOS="1266"/><SP WIDTH="18" VPOS="2315" HPOS="1384"/><String CONTENT="pa" HEIGHT="30" WIDTH="39" VPOS="2315" HPOS="1403"/><SP WIDTH="1" VPOS="2315" HPOS="1443"/><String CONTENT="pi" HEIGHT="30" WIDTH="33" VPOS="2315" HPOS="1445"/><SP WIDTH="17" VPOS="2304" HPOS="1479"/><String CONTENT="kr" HEIGHT="32" WIDTH="39" VPOS="2304" HPOS="1497"/><SP WIDTH="18" VPOS="2315" HPOS="1537"/><String CONTENT="on" HEIGHT="21" WIDTH="40" VPOS="2315" HPOS="1556"/></TextLine>
<TextLine BASELINE="2381" HEIGHT="41" WIDTH="651" VPOS="2350" HPOS="398"><String CONTENT="dono" HEIGHT="31" WIDTH="84" VPOS="2350" HPOS="398"/><SP WIDTH="11" VPOS="2361" HPOS="483"/><String CONTENT="me" HEIGHT="20" WIDTH="52" VPOS="2361" HPOS="495"/><SP WIDTH="10" VPOS="2361" HPOS="548"/><String CONTENT="suraj" HEIGHT="30" WIDTH="84" VPOS="2361" HPOS="559"/><SP WIDTH="11" VPOS="2350" HPOS="644"/><String CONTENT="hi" HEIGHT="31" WIDTH="34" VPOS="2350" HPOS="656"/><SP WIDTH="10" VPOS="2351" HPOS="691"/><String CONTENT="zjada" HEIGHT="41" WIDTH="93" VPOS="2350" HPOS="702"/><SP WIDTH="12" VPOS="2361" HPOS="796"/><String CONTENT="zahardast" HEIGHT="31" WIDTH="162" VPOS="2350" HPOS="809"/><SP WIDTH="10" VPOS="2350" HPOS="972"/><String CONTENT="har." HEIGHT="31" WIDTH="66" VPOS="2350" HPOS="983"/></TextLine>
</TextBlock>
<TextBlock ID="Page1_Block3" HEIGHT="37" WIDTH="1432" VPOS="2826" HPOS="67" language="en-US" STYLEREFS="StyleId-7F3DF795-5D19-4CED-8CD5-65B0797836A9-">
<TextLine BASELINE="2851" HEIGHT="25" WIDTH="1420" VPOS="2832" HPOS="73"><String CONTENT="Downloaded" HEIGHT="19" WIDTH="145" VPOS="2832" HPOS="73"/><SP WIDTH="7" VPOS="2832" HPOS="219"/><String CONTENT="from" HEIGHT="19" WIDTH="55" VPOS="2832" HPOS="227"/><SP WIDTH="9" VPOS="2832" HPOS="283"/><String CONTENT="https://www.cambridge.org/core." HEIGHT="25" WIDTH="389" VPOS="2832" HPOS="293"/><SP WIDTH="8" VPOS="2833" HPOS="683"/><String CONTENT="30" HEIGHT="18" WIDTH="26" VPOS="2833" HPOS="692"/><SP WIDTH="4" VPOS="2833" HPOS="719"/><String CONTENT="Jun" HEIGHT="23" WIDTH="37" VPOS="2833" HPOS="724"/><SP WIDTH="8" VPOS="2833" HPOS="762"/><String CONTENT="2021" HEIGHT="18" WIDTH="51" VPOS="2833" HPOS="771"/><SP WIDTH="11" VPOS="2833" HPOS="823"/><String CONTENT="at" HEIGHT="16" WIDTH="21" VPOS="2835" HPOS="835"/><SP WIDTH="7" VPOS="2833" HPOS="857"/><String CONTENT="16:11:33," HEIGHT="21" WIDTH="102" VPOS="2833" HPOS="865"/><SP WIDTH="8" VPOS="2838" HPOS="968"/><String CONTENT="subject" HEIGHT="25" WIDTH="82" VPOS="2832" HPOS="977"/><SP WIDTH="5" VPOS="2835" HPOS="1060"/><String CONTENT="to" HEIGHT="16" WIDTH="23" VPOS="2835" HPOS="1066"/><SP WIDTH="6" VPOS="2835" HPOS="1090"/><String CONTENT="the" HEIGHT="19" WIDTH="38" VPOS="2832" HPOS="1097"/><SP WIDTH="7" VPOS="2833" HPOS="1136"/><String CONTENT="Cambridge" HEIGHT="25" WIDTH="127" VPOS="2832" HPOS="1144"/><SP WIDTH="8" VPOS="2833" HPOS="1272"/><String CONTENT="Core" HEIGHT="18" WIDTH="52" VPOS="2833" HPOS="1281"/><SP WIDTH="6" VPOS="2835" HPOS="1334"/><String CONTENT="terms" HEIGHT="16" WIDTH="68" VPOS="2835" HPOS="1341"/><SP WIDTH="6" VPOS="2838" HPOS="1410"/><String CONTENT="of" HEIGHT="19" WIDTH="24" VPOS="2832" HPOS="1417"/><SP WIDTH="5" VPOS="2832" HPOS="1442"/><String CONTENT="use." HEIGHT="13" WIDTH="45" VPOS="2838" HPOS="1448"/></TextLine>
</TextBlock>
</PrintSpace>
</Page>
</Layout>
</alto>