2055 2917
251 97 41 25 312
338 94 74 28 Journal
424 94 19 28 of
452 94 31 28 the
495 94 127 28 International
635 94 88 28 Phonetic
734 94 124 28 Association:
870 94 35 28 The
918 94 126 28 International
1057 94 88 28 Phonetic
1157 94 90 34 Alphabet

777 294 65 20 THE
865 293 193 22 PRINCIPLES
1081 293 41 21 OF
1143 291 65 22 THE

401 385 25 42 p.
467 384 94 41 Span,
581 384 16 30 b
614 395 34 19 as
665 384 33 30 in
715 384 85 31 saber
813 395 6 26 ;
849 384 119 31 Middle

506 429 71 33 Ger.
593 440 36 21 w.

402 479 21 27 0.
467 476 80 40 Eng.
566 475 30 31 th
612 476 33 30 in
663 474 104 42 thing;
797 475 96 41 Span,
911 486 25 26 c,
954 486 15 20 z

505 522 32 30 in
551 522 112 39 placer,
678 521 92 40 plaza
785 531 6 27 ;
819 521 104 31 Greek
942 521 25 31 9.

402 569 27 30 3.
468 569 79 38 Eng.
569 566 30 33 th
617 566 33 31 in
669 566 60 33 this
743 577 7 28 ;
782 566 95 41 Span,
897 566 21 31 d
936 567 32 30 in

506 613 95 37 cada;
636 612 125 32 Danish
781 612 20 31 d
819 613 34 31 in
872 612 76 42 gade
961 624 7 26 ;

507 659 104 31 Greek
627 657 28 33 8.

399 716 23 19 j,
469 704 157 31 Southern
641 704 80 41 Eng.
738 715 15 20 r
767 704 33 31 in
815 704 56 41 dry
887 705 69 40 (con­

507 750 160 39 sonantal)
681 761 8 27 ;
717 750 107 31 Amer.
843 750 80 41 Eng.
942 750 30 31 ir

506 797 35 30 in
578 795 66 32 bird
683 795 154 40 (vocalic).
914 795 57 32 See

510 842 29 40 §§
552 842 38 31 27
602 842 49 40 (e),
663 842 40 30 29
714 842 63 41 (/).

402 899 20 27 §.
467 888 139 31 Marathi
632 893 24 26 ^
684 889 62 37 (.?);
799 887 173 42 Pekingese

509 933 126 41 variety
651 933 36 30 of
702 936 15 37 J
734 932 106 33 before
855 932 117 33 vowels

510 979 92 31 other
617 979 80 31 than
714 981 31 35 i;
775 979 100 31 Swed.
893 990 31 20 rs
938 979 34 31 in

509 1031 90 25 tvars.

402 1082 23 31 \
473 1071 170 40 Pekingese
659 1070 126 41 variety
799 1070 35 31 of
847 1081 26 30 g,
890 1081 35 20 as
939 1071 34 30 in

510 1119 69 38 'gen
589 1117 98 40 (man)
698 1116 168 41 (narrowly
877 1117 95 41 'fjan).

511 1163 55 31 See
582 1164 66 38 §27
659 1163 51 40 (j).

403 1211 23 38 J.
470 1209 81 40 Eng.
570 1208 35 31 sh
618 1219 7 26 ;
655 1209 50 30 Er.
725 1207 36 32 ch
774 1219 7 26 ;
811 1209 71 30 Ger.
901 1208 51 31 sch
966 1219 7 26 ;

511 1255 139 30 Russian
679 1265 55 27 in;
776 1254 73 31 Ital.
882 1265 31 20 sc
941 1255 33 30 in

510 1310 96 30 pesce,
627 1301 45 30 sci
690 1301 32 30 in
743 1301 93 30 uscio.

405 1356 26 30 3.
474 1346 79 40 Eng.
583 1357 14 19 s
624 1346 33 30 in
685 1356 156 27 measure;
882 1345 50 31 Er.
957 1345 18 41 j

512 1392 33 30 in
560 1392 84 39 jour,
665 1403 20 28 g
704 1392 33 30 in
756 1397 110 34 geant;
901 1391 20 31 ll
942 1392 32 30 in

513 1436 101 33 South
631 1436 169 33 American
818 1436 157 42 Spanish;

515 1483 139 31 Russian
674 1494 41 20 jk.

407 1539 22 27 5.
473 1529 38 31 In
534 1529 176 31 occasional
732 1529 245 40 pronunciation

513 1574 36 31 of
563 1574 80 41 Eng.
662 1574 58 31 hue
739 1574 71 40 (qu:)
822 1585 7 26 ;
858 1574 69 31 Ger.
943 1574 35 31 ch

512 1621 34 30 in
562 1620 49 31 ich
624 1631 7 26 ;
660 1620 158 41 Japanese
834 1620 20 31 h
870 1620 107 31 before

513 1665 14 32 i
537 1676 35 21 as
584 1667 33 30 in
628 1665 71 32 Mto.

1017 393 26 27 g.
1089 381 108 33 Polish
1218 393 14 21 s
1251 381 34 32 in
1302 392 62 30 g$s,
1386 381 29 32 si
1433 381 33 32 in
1484 381 106 41 g$$iq;

1127 427 170 42 Pekingese
1338 427 126 42 variety
1503 427 36 31 of
1575 432 16 37 /

1127 474 106 31 before
1255 475 12 29 i
1291 473 46 39 (hs
1356 474 35 30 in
1411 473 56 31 the
1489 474 100 31 Wade

1125 519 252 40 romanisation).

1020 577 27 26 £.
1088 565 107 31 Polish
1214 577 16 19 z
1242 566 32 30 in
1293 565 52 37 zle,
1359 565 32 30 zi
1401 565 34 31 in
1449 565 114 31 ziarno.

1020 623 29 19 x.
1087 611 143 32 Scottish
1247 611 36 31 ch
1298 611 34 31 in
1351 611 83 38 loch;
1466 611 71 31 Ger.
1556 612 36 31 ch

1127 659 33 30 in
1179 656 57 33 ach
1249 667 7 28 ;
1289 656 94 41 Span,
1399 656 20 42 j
1435 656 34 30 in
1483 656 107 41 jabon,

1126 714 20 30 g
1159 704 34 30 in
1205 708 85 36 gente
1303 714 6 26 ;
1337 702 140 31 Russian
1491 714 32 20 x.

1021 761 28 30 y.
1088 749 96 42 Span,
1202 759 21 30 g
1241 749 33 31 in
1295 749 84 40 luego
1392 759 7 27 ;
1430 749 126 31 Danish
1573 761 20 28 g

1128 795 33 32 in
1187 794 91 41 koge;
1316 794 79 42 freq.
1424 794 70 31 Ger.
1521 805 58 30 pro­

1128 841 188 30 nunciation
1331 840 36 31 of
1374 851 21 30 g
1407 840 34 31 in
1459 840 113 41 Wagen
1585 859 7 26 ;

1129 899 103 32 Greek
1249 909 42 30 y;
1319 899 118 31 Arabic

1022 993 30 33 X,
1094 981 135 41 Variety
1243 981 37 32 of
1291 981 118 33 Arabic
1427 983 37 33 ri.

1023 1067 28 30 ft.
1088 1065 119 32 Arabic

1223 1081 34 37 e

1023 1135 27 19 is.
1092 1124 133 41 Variety
1277 1124 36 30 of
1363 1124 144 30 Parisian
1561 1135 35 26 r;

1133 1182 126 42 variety
1274 1182 36 31 of
1322 1182 118 31 Arabic
1459 1189 31 25 P.
1541 1181 56 32 See

1134 1241 14 39 §
1161 1241 101 39 27(c).
1458 1221 29 14 '''

1026 1297 27 34 9.
1089 1297 117 32 Arabic
1217 1305 33 46 £.

1026 1358 27 29 fi.
1093 1356 119 32 Voiced
1237 1357 30 30 h.
1321 1356 96 32 Often
1442 1356 99 31 heard
1566 1357 32 31 in

1134 1401 80 42 Eng.
1280 1401 144 33 between
1488 1403 111 31 voiced

1134 1449 128 38 sounds,
1279 1459 35 20 as
1328 1449 34 30 in
1379 1447 116 38 behave,
1513 1459 74 20 man­

1135 1506 85 32 hood.
1293 1506 118 32 Arabic
1447 1521 23 17 ».
1544 1506 55 31 See

1136 1566 67 39 §27
1218 1565 51 40 (h).

1031 1631 25 28 q.
1095 1620 52 30 Er.
1160 1619 213 42 non-syllabic
1385 1631 32 25 u,
1430 1629 35 21 as
1476 1620 33 30 in
1524 1620 77 31 emit.

1028 1675 28 20 u.
1094 1665 111 32 Dutch
1223 1676 26 19 w
1262 1676 7 27 ;
1299 1665 104 30 Hindi

404 1789 202 31 REMARKS
621 1790 53 30 ON
689 1790 82 30 THE
787 1789 178 31 LETTERS
979 1790 43 30 IN
1037 1789 84 31 THE
1135 1789 137 31 CHART
1286 1789 52 31 OF
1353 1789 251 32 CONSONANTS

449 1875 48 30 27.
540 1874 39 31 In
602 1875 177 30 connexion
801 1874 81 31 with
903 1874 56 31 the
981 1878 177 27 consonant
1179 1874 111 31 letters
1311 1874 148 31 included
1485 1874 35 31 in
1548 1873 56 32 the

407 1920 92 31 chart
518 1931 41 20 on
577 1932 31 29 p.
625 1921 36 30 13
681 1921 28 30 it
727 1921 26 30 is
773 1920 241 31 recommended
1032 1920 74 31 that
1124 1920 55 31 the
1199 1920 160 41 following
1376 1920 169 41 principles
1566 1919 38 31 be

408 1965 155 32 observed
578 1976 6 21 :

491 2024 43 40 (a)
557 2024 43 31 As
623 2024 78 31 with
723 2024 116 31 vowels
863 2025 26 40 (§
906 2025 61 39 20),
990 2024 27 31 it
1038 2024 27 31 is
1088 2023 154 32 desirable
1265 2028 33 27 to
1321 2024 174 31 substitute
1518 2035 86 19 more

449 2070 139 31 familiar
601 2075 176 26 consonant
789 2070 111 31 letters
914 2070 49 31 for
975 2070 60 31 less
1050 2070 139 31 familiar
1202 2081 84 26 ones,
1302 2070 91 31 when
1407 2070 78 31 such
1499 2081 19 19 a
1532 2070 59 30 sub­

447 2117 153 30 stitution
617 2126 57 21 can
691 2115 38 32 be
745 2115 94 32 made
854 2115 137 32 without
1008 2115 131 41 causing
1153 2115 188 41 ambiguity.
1374 2115 62 32 For
1449 2115 155 38 instance,

449 2162 32 30 in
499 2172 18 20 a
534 2161 155 41 language
705 2161 185 41 containing
906 2172 19 20 a
943 2161 150 31 retroflex
1109 2165 14 38 J;
1141 2161 59 31 but
1217 2172 40 20 no
1275 2161 108 31 dental
1400 2166 13 26 t
1431 2161 54 31 the
1503 2161 102 31 sound

450 2207 92 32 could
565 2207 161 42 generally
746 2207 39 31 be
807 2207 138 32 denoted
967 2207 46 40 by
1033 2210 24 28 t.
1104 2202 73 36 And
1199 2207 33 31 in
1254 2219 18 18 a
1295 2207 153 40 language
1470 2207 79 31 such
1571 2217 34 20 as

451 2253 142 38 Tswana,
609 2253 102 32 which
726 2253 145 32 contains
885 2252 24 42 <j>
924 2252 59 31 but
992 2256 58 27 not
1064 2252 208 31 Iabio-dental
1286 2253 22 35 f,
1323 2252 56 31 the
1393 2253 95 32 letter
1502 2255 13 28 f
1530 2263 77 30 may

451 2299 37 30 be
500 2299 78 30 used
590 2301 35 28 to
638 2299 115 31 denote
765 2299 54 31 the
833 2298 111 32 sound.
969 2298 41 31 So
1022 2298 77 38 also,
1112 2310 35 19 as
1159 2298 55 31 the
1226 2299 102 30 sound
1340 2309 27 30 nj
1381 2299 26 30 is
1418 2301 59 28 not
1489 2298 116 31 known

450 2348 35 27 to
503 2355 93 21 occur
614 2345 165 31 otherwise
797 2345 79 31 than
894 2355 35 21 as
947 2355 18 20 a
983 2343 141 33 member
1141 2345 36 30 of
1190 2345 55 30 the
1262 2345 209 40 m-phoneme,
1490 2345 27 31 it
1535 2355 69 27 can,

73 2832 145 19 Downloaded
227 2832 55 19 from
293 2832 389 25 https://www.cambridge.org/core.
692 2833 26 18 30
724 2833 37 23 Jun
771 2833 51 18 2021
835 2835 21 16 at
865 2833 102 21 16:11:33,
977 2832 82 25 subject
1066 2835 23 16 to
1097 2832 38 19 the
1144 2832 127 25 Cambridge
1281 2833 52 18 Core
1341 2835 68 16 terms
1417 2832 24 19 of
1448 2838 45 13 use.
