<?xml version="1.0" encoding="UTF-8" standalone="yes"?>
<alto xmlns="http://www.loc.gov/standards/alto/ns-v2#" xmlns:xlink="http://www.w3.org/1999/xlink" xmlns:xsi="http://www.w3.org/2001/XMLSchema-instance" xsi:schemaLocation="http://www.loc.gov/standards/alto/ns-v2# http://www.loc.gov/standards/alto/alto-v2.0.xsd">
<Description>
<MeasurementUnit>pixel</MeasurementUnit>
<OCRProcessing ID="IdOcr"><ocrProcessingStep><processingDateTime>2021-07-12</processingDateTime><processingSoftware><softwareCreator>ABBYY</softwareCreator><softwareName>ABBYY Recognition Server</softwareName><softwareVersion>4.0</softwareVersion></processingSoftware></ocrProcessingStep></OCRProcessing>
</Description>
<Styles>
<ParagraphStyle ID="StyleId-FFFFFFFF-FFFF-FFFF-FFFF-FFFFFFFFFFFF-" ALIGN="Left" LEFT="0." RIGHT="0." FIRSTLINE="0."/>
<ParagraphStyle ID="StyleId-DA77902F-B0C0-4401-9DCC-13DDB7461728-" ALIGN="Block" LEFT="0." RIGHT="0." FIRSTLINE="0." LINESPACE="11.03999996"/>
<ParagraphStyle ID="StyleId-21F1B388-6E63-48F5-B8FD-7C0917AE111F-" ALIGN="Block" LEFT="0." RIGHT="0." FIRSTLINE="0." LINESPACE="11.10000038"/>
<ParagraphStyle ID="StyleId-2B546D3B-2690-40DC-9C05-1F52F38A5692-" ALIGN="Left" LEFT="0." RIGHT="0." FIRSTLINE="0." LINESPACE="11.10000038"/>
<ParagraphStyle ID="StyleId-8EA86FC5-0AFA-4A82-8278-17B14CB6519A-" ALIGN="Left" LEFT="0." RIGHT="0." FIRSTLINE="0." LINESPACE="7.699999809"/>
</Styles>
<Layout>
<Page ID="Page1" PHYSICAL_IMG_NR="1" HEIGHT="2917" WIDTH="2055">
<TopMargin HEIGHT="88" WIDTH="2055" VPOS="0" HPOS="0">
</TopMargin>
<LeftMargin HEIGHT="2775" WIDTH="67" VPOS="88" HPOS="0">
</LeftMargin>
<RightMargin HEIGHT="2775" WIDTH="244" VPOS="88" HPOS="1811">
</RightMargin>
<BottomMargin HEIGHT="54" WIDTH="2055" VPOS="2863" HPOS="0">
</BottomMargin>
<PrintSpace HEIGHT="2775" WIDTH="1744" VPOS="88" HPOS="67">
<TextBlock ID="Page1_Block1" HEIGHT="46" WIDTH="395" VPOS="88" HPOS="1416" language="en-US" STYLEREFS="StyleId-2B546D3B-2690-40DC-9C05-1F52F38A5692-">
<TextLine BASELINE="122" HEIGHT="34" WIDTH="383" VPOS="94" HPOS="1422"><String CONTENT="Principles" HEIGHT="34" WIDTH="101" VPOS="94" HPOS="1422"/><SP WIDTH="7" VPOS="102" HPOS="1524"/><String CONTENT="of" HEIGHT="28" WIDTH="24" VPOS="94" HPOS="1532"/><SP WIDTH="4" VPOS="94" HPOS="1557"/><String CONTENT="the" HEIGHT="28" WIDTH="32" VPOS="94" HPOS="1562"/><SP WIDTH="7" VPOS="94" HPOS="1595"/><String CONTENT="I" HEIGHT="28" WIDTH="8" VPOS="94" HPOS="1603"/><SP WIDTH="1" VPOS="94" HPOS="1612"/><String CONTENT="PA" HEIGHT="28" WIDTH="25" VPOS="94" HPOS="1611"/><SP WIDTH="9" VPOS="94" HPOS="1637"/><String CONTENT="(1949)" HEIGHT="33" WIDTH="71" VPOS="94" HPOS="1647"/><SP WIDTH="42" VPOS="94" HPOS="1719"/><String CONTENT="315" HEIGHT="25" WIDTH="43" VPOS="97" HPOS="1762"/></TextLine>
</TextBlock>
<TextBlock ID="Page1_Block2" HEIGHT="2117" WIDTH="1172" VPOS="280" HPOS="387" language="en-US" STYLEREFS="StyleId-DA77902F-B0C0-4401-9DCC-13DDB7461728-">
<TextLine BASELINE="317" HEIGHT="31" WIDTH="951" VPOS="287" HPOS="602" STYLEREFS="StyleId-21F1B388-6E63-48F5-B8FD-7C0917AE111F-"><String CONTENT="INTEBNATIONAL" HEIGHT="22" WIDTH="273" VPOS="294" HPOS="602"/><SP WIDTH="20" VPOS="295" HPOS="876"/><String CONTENT="PHONETIC" HEIGHT="22" WIDTH="168" VPOS="295" HPOS="897"/><SP WIDTH="20" VPOS="295" HPOS="1066"/><String CONTENT="ASSOCIATION" HEIGHT="23" WIDTH="219" VPOS="295" HPOS="1087"/><SP WIDTH="208" VPOS="288" HPOS="1307"/><String CONTENT="15" HEIGHT="30" WIDTH="37" VPOS="287" HPOS="1516"/></TextLine>
<TextLine BASELINE="408" HEIGHT="43" WIDTH="1158" VPOS="376" HPOS="394"><String CONTENT="as" HEIGHT="19" WIDTH="35" VPOS="388" HPOS="394"/><SP WIDTH="15" VPOS="381" HPOS="430"/><String CONTENT="t" HEIGHT="25" WIDTH="13" VPOS="381" HPOS="446"/><SP WIDTH="15" VPOS="381" HPOS="460"/><String CONTENT="-j-" HEIGHT="35" WIDTH="33" VPOS="379" HPOS="476"/><SP WIDTH="14" VPOS="387" HPOS="510"/><String CONTENT="s," HEIGHT="25" WIDTH="23" VPOS="387" HPOS="525"/><SP WIDTH="16" VPOS="381" HPOS="549"/><String CONTENT="t" HEIGHT="26" WIDTH="13" VPOS="381" HPOS="566"/><SP WIDTH="15" VPOS="381" HPOS="580"/><String CONTENT="-j-" HEIGHT="35" WIDTH="35" VPOS="379" HPOS="596"/><SP WIDTH="11" VPOS="378" HPOS="632"/><String CONTENT="J," HEIGHT="37" WIDTH="24" VPOS="378" HPOS="644"/><SP WIDTH="16" VPOS="379" HPOS="669"/><String CONTENT="the" HEIGHT="31" WIDTH="55" VPOS="376" HPOS="686"/><SP WIDTH="16" VPOS="388" HPOS="742"/><String CONTENT="affricates" HEIGHT="32" WIDTH="160" VPOS="377" HPOS="759"/><SP WIDTH="13" VPOS="389" HPOS="920"/><String CONTENT="may" HEIGHT="30" WIDTH="76" VPOS="389" HPOS="934"/><SP WIDTH="18" VPOS="378" HPOS="1011"/><String CONTENT="be" HEIGHT="31" WIDTH="40" VPOS="378" HPOS="1030"/><SP WIDTH="16" VPOS="378" HPOS="1071"/><String CONTENT="denoted" HEIGHT="31" WIDTH="138" VPOS="378" HPOS="1088"/><SP WIDTH="15" VPOS="378" HPOS="1227"/><String CONTENT="by" HEIGHT="41" WIDTH="45" VPOS="378" HPOS="1243"/><SP WIDTH="13" VPOS="378" HPOS="1289"/><String CONTENT="ligature" HEIGHT="41" WIDTH="134" VPOS="378" HPOS="1303"/><SP WIDTH="15" VPOS="378" HPOS="1438"/><String CONTENT="forms" HEIGHT="30" WIDTH="98" VPOS="378" HPOS="1454"/></TextLine>
<TextLine BASELINE="454" HEIGHT="42" WIDTH="1157" VPOS="423" HPOS="395"><String CONTENT="such" HEIGHT="30" WIDTH="77" VPOS="423" HPOS="395"/><SP WIDTH="14" VPOS="423" HPOS="473"/><String CONTENT="as" HEIGHT="20" WIDTH="33" VPOS="433" HPOS="488"/><SP WIDTH="12" VPOS="426" HPOS="522"/><String CONTENT="b," HEIGHT="33" WIDTH="28" VPOS="426" HPOS="535"/><SP WIDTH="18" VPOS="425" HPOS="564"/><String CONTENT="dz," HEIGHT="34" WIDTH="38" VPOS="425" HPOS="583"/><SP WIDTH="16" VPOS="426" HPOS="622"/><String CONTENT="tfriij," HEIGHT="39" WIDTH="86" VPOS="423" HPOS="639"/><SP WIDTH="18" VPOS="433" HPOS="726"/><String CONTENT="or" HEIGHT="21" WIDTH="34" VPOS="433" HPOS="745"/><SP WIDTH="14" VPOS="423" HPOS="780"/><String CONTENT="by" HEIGHT="40" WIDTH="44" VPOS="423" HPOS="795"/><SP WIDTH="13" VPOS="427" HPOS="840"/><String CONTENT="the" HEIGHT="30" WIDTH="55" VPOS="424" HPOS="854"/><SP WIDTH="14" VPOS="435" HPOS="910"/><String CONTENT="use" HEIGHT="20" WIDTH="55" VPOS="435" HPOS="925"/><SP WIDTH="13" VPOS="435" HPOS="981"/><String CONTENT="of" HEIGHT="31" WIDTH="36" VPOS="424" HPOS="995"/><SP WIDTH="10" VPOS="424" HPOS="1032"/><String CONTENT="a" HEIGHT="20" WIDTH="20" VPOS="435" HPOS="1043"/><SP WIDTH="12" VPOS="424" HPOS="1064"/><String CONTENT="linking" HEIGHT="41" WIDTH="125" VPOS="424" HPOS="1077"/><SP WIDTH="12" VPOS="435" HPOS="1203"/><String CONTENT="mark" HEIGHT="31" WIDTH="93" VPOS="424" HPOS="1216"/><SP WIDTH="14" VPOS="424" HPOS="1310"/><String CONTENT="_" HEIGHT="6" WIDTH="32" VPOS="457" HPOS="1325"/><SP WIDTH="14" VPOS="435" HPOS="1358"/><String CONTENT="or" HEIGHT="20" WIDTH="35" VPOS="435" HPOS="1373"/><SP WIDTH="67" VPOS="427" HPOS="1409"/><String CONTENT="thus" HEIGHT="31" WIDTH="75" VPOS="424" HPOS="1477"/></TextLine>
<TextLine BASELINE="508" HEIGHT="49" WIDTH="1159" VPOS="471" HPOS="394"><String CONTENT="ts," HEIGHT="34" WIDTH="41" VPOS="480" HPOS="394"/><SP WIDTH="16" VPOS="480" HPOS="436"/><String CONTENT="tj," HEIGHT="38" WIDTH="41" VPOS="478" HPOS="453"/><SP WIDTH="16" VPOS="487" HPOS="495"/><String CONTENT="etc.," HEIGHT="35" WIDTH="72" VPOS="480" HPOS="512"/><SP WIDTH="16" VPOS="487" HPOS="585"/><String CONTENT="or" HEIGHT="21" WIDTH="35" VPOS="487" HPOS="602"/><SP WIDTH="14" VPOS="483" HPOS="638"/><String CONTENT="ts," HEIGHT="32" WIDTH="41" VPOS="483" HPOS="653"/><SP WIDTH="16" VPOS="483" HPOS="695"/><String CONTENT="tj," HEIGHT="46" WIDTH="41" VPOS="471" HPOS="712"/><SP WIDTH="16" VPOS="489" HPOS="754"/><String CONTENT="etc." HEIGHT="28" WIDTH="60" VPOS="481" HPOS="771"/><SP WIDTH="34" VPOS="478" HPOS="832"/><String CONTENT="Another" HEIGHT="31" WIDTH="143" VPOS="478" HPOS="867"/><SP WIDTH="13" VPOS="490" HPOS="1011"/><String CONTENT="plan" HEIGHT="42" WIDTH="77" VPOS="478" HPOS="1025"/><SP WIDTH="14" VPOS="479" HPOS="1103"/><String CONTENT="is" HEIGHT="30" WIDTH="26" VPOS="479" HPOS="1118"/><SP WIDTH="15" VPOS="483" HPOS="1145"/><String CONTENT="to" HEIGHT="26" WIDTH="35" VPOS="483" HPOS="1161"/><SP WIDTH="16" VPOS="489" HPOS="1197"/><String CONTENT="retain" HEIGHT="30" WIDTH="103" VPOS="479" HPOS="1214"/><SP WIDTH="14" VPOS="481" HPOS="1318"/><String CONTENT="the" HEIGHT="31" WIDTH="55" VPOS="478" HPOS="1333"/><SP WIDTH="15" VPOS="489" HPOS="1389"/><String CONTENT="notation" HEIGHT="31" WIDTH="148" VPOS="478" HPOS="1405"/></TextLine>
<TextLine BASELINE="563" HEIGHT="43" WIDTH="1157" VPOS="531" HPOS="394"><String CONTENT="ts," HEIGHT="33" WIDTH="39" VPOS="534" HPOS="394"/><SP WIDTH="17" VPOS="533" HPOS="434"/><String CONTENT="dz," HEIGHT="34" WIDTH="44" VPOS="533" HPOS="452"/><SP WIDTH="16" VPOS="534" HPOS="497"/><String CONTENT="tj," HEIGHT="37" WIDTH="40" VPOS="533" HPOS="514"/><SP WIDTH="16" VPOS="543" HPOS="555"/><String CONTENT="etc.," HEIGHT="35" WIDTH="72" VPOS="534" HPOS="572"/><SP WIDTH="15" VPOS="531" HPOS="645"/><String CONTENT="for" HEIGHT="32" WIDTH="49" VPOS="531" HPOS="661"/><SP WIDTH="12" VPOS="535" HPOS="711"/><String CONTENT="the" HEIGHT="31" WIDTH="55" VPOS="532" HPOS="724"/><SP WIDTH="15" VPOS="543" HPOS="780"/><String CONTENT="affricates," HEIGHT="38" WIDTH="169" VPOS="532" HPOS="796"/><SP WIDTH="16" VPOS="544" HPOS="966"/><String CONTENT="and" HEIGHT="30" WIDTH="64" VPOS="533" HPOS="983"/><SP WIDTH="12" VPOS="533" HPOS="1048"/><String CONTENT="to" HEIGHT="26" WIDTH="35" VPOS="537" HPOS="1061"/><SP WIDTH="13" VPOS="533" HPOS="1097"/><String CONTENT="insert" HEIGHT="31" WIDTH="100" VPOS="533" HPOS="1111"/><SP WIDTH="14" VPOS="537" HPOS="1212"/><String CONTENT="a" HEIGHT="19" WIDTH="18" VPOS="544" HPOS="1227"/><SP WIDTH="14" VPOS="533" HPOS="1246"/><String CONTENT="hyphen" HEIGHT="41" WIDTH="129" VPOS="533" HPOS="1261"/><SP WIDTH="17" VPOS="533" HPOS="1391"/><String CONTENT="(t-s," HEIGHT="40" WIDTH="64" VPOS="533" HPOS="1409"/><SP WIDTH="17" VPOS="534" HPOS="1474"/><String CONTENT="d-z," HEIGHT="34" WIDTH="59" VPOS="534" HPOS="1492"/></TextLine>
<TextLine BASELINE="609" HEIGHT="42" WIDTH="1159" VPOS="577" HPOS="394"><String CONTENT="t-J," HEIGHT="38" WIDTH="52" VPOS="579" HPOS="394"/><SP WIDTH="17" VPOS="588" HPOS="447"/><String CONTENT="etc.)" HEIGHT="39" WIDTH="76" VPOS="577" HPOS="465"/><SP WIDTH="14" VPOS="577" HPOS="542"/><String CONTENT="when" HEIGHT="32" WIDTH="93" VPOS="577" HPOS="557"/><SP WIDTH="13" VPOS="581" HPOS="651"/><String CONTENT="the" HEIGHT="32" WIDTH="57" VPOS="577" HPOS="665"/><SP WIDTH="15" VPOS="582" HPOS="723"/><String CONTENT="t" HEIGHT="27" WIDTH="14" VPOS="582" HPOS="739"/><SP WIDTH="16" VPOS="582" HPOS="754"/><String CONTENT="and" HEIGHT="32" WIDTH="62" VPOS="577" HPOS="771"/><SP WIDTH="18" VPOS="577" HPOS="834"/><String CONTENT="s," HEIGHT="25" WIDTH="22" VPOS="588" HPOS="853"/><SP WIDTH="18" VPOS="580" HPOS="876"/><String CONTENT="d" HEIGHT="29" WIDTH="19" VPOS="580" HPOS="895"/><SP WIDTH="15" VPOS="580" HPOS="915"/><String CONTENT="and" HEIGHT="30" WIDTH="63" VPOS="579" HPOS="931"/><SP WIDTH="16" VPOS="579" HPOS="995"/><String CONTENT="z," HEIGHT="27" WIDTH="25" VPOS="588" HPOS="1012"/><SP WIDTH="18" VPOS="582" HPOS="1038"/><String CONTENT="t" HEIGHT="27" WIDTH="13" VPOS="582" HPOS="1057"/><SP WIDTH="17" VPOS="582" HPOS="1071"/><String CONTENT="and" HEIGHT="30" WIDTH="64" VPOS="579" HPOS="1089"/><SP WIDTH="14" VPOS="579" HPOS="1154"/><String CONTENT="J," HEIGHT="37" WIDTH="24" VPOS="581" HPOS="1169"/><SP WIDTH="18" VPOS="589" HPOS="1194"/><String CONTENT="etc.," HEIGHT="35" WIDTH="70" VPOS="582" HPOS="1213"/><SP WIDTH="18" VPOS="589" HPOS="1284"/><String CONTENT="are" HEIGHT="20" WIDTH="52" VPOS="589" HPOS="1303"/><SP WIDTH="15" VPOS="589" HPOS="1356"/><String CONTENT="separately" HEIGHT="42" WIDTH="181" VPOS="577" HPOS="1372"/></TextLine>
<TextLine BASELINE="654" HEIGHT="42" WIDTH="1159" VPOS="623" HPOS="394"><String CONTENT="pronounced." HEIGHT="41" WIDTH="214" VPOS="623" HPOS="394"/><SP WIDTH="34" VPOS="624" HPOS="609"/><String CONTENT="This" HEIGHT="30" WIDTH="75" VPOS="624" HPOS="644"/><SP WIDTH="16" VPOS="623" HPOS="720"/><String CONTENT="latter" HEIGHT="31" WIDTH="98" VPOS="623" HPOS="737"/><SP WIDTH="16" VPOS="635" HPOS="836"/><String CONTENT="system" HEIGHT="37" WIDTH="121" VPOS="628" HPOS="853"/><SP WIDTH="13" VPOS="624" HPOS="975"/><String CONTENT="is" HEIGHT="30" WIDTH="27" VPOS="624" HPOS="989"/><SP WIDTH="16" VPOS="635" HPOS="1017"/><String CONTENT="convenient" HEIGHT="29" WIDTH="192" VPOS="625" HPOS="1034"/><SP WIDTH="15" VPOS="624" HPOS="1227"/><String CONTENT="for" HEIGHT="30" WIDTH="49" VPOS="624" HPOS="1243"/><SP WIDTH="15" VPOS="628" HPOS="1293"/><String CONTENT="the" HEIGHT="30" WIDTH="55" VPOS="624" HPOS="1309"/><SP WIDTH="15" VPOS="628" HPOS="1365"/><String CONTENT="transcrip" HEIGHT="41" WIDTH="158" VPOS="624" HPOS="1381" SUBS_TYPE="HypPart1" SUBS_CONTENT="transcription"/><HYP CONTENT="­"/></TextLine>
<TextLine BASELINE="700" HEIGHT="42" WIDTH="1159" VPOS="668" HPOS="393"><String CONTENT="tion" HEIGHT="30" WIDTH="71" VPOS="670" HPOS="393" SUBS_TYPE="HypPart2" SUBS_CONTENT="transcription"/><SP WIDTH="7" VPOS="679" HPOS="465"/><String CONTENT="of" HEIGHT="32" WIDTH="36" VPOS="668" HPOS="473"/><SP WIDTH="6" VPOS="668" HPOS="510"/><String CONTENT="such" HEIGHT="32" WIDTH="78" VPOS="668" HPOS="517"/><SP WIDTH="7" VPOS="668" HPOS="596"/><String CONTENT="a" HEIGHT="20" WIDTH="18" VPOS="680" HPOS="604"/><SP WIDTH="9" VPOS="668" HPOS="623"/><String CONTENT="language" HEIGHT="41" WIDTH="154" VPOS="668" HPOS="633"/><SP WIDTH="10" VPOS="680" HPOS="788"/><String CONTENT="as" HEIGHT="20" WIDTH="33" VPOS="680" HPOS="799"/><SP WIDTH="9" VPOS="670" HPOS="833"/><String CONTENT="English," HEIGHT="40" WIDTH="142" VPOS="670" HPOS="843"/><SP WIDTH="10" VPOS="682" HPOS="986"/><String CONTENT="where" HEIGHT="30" WIDTH="102" VPOS="670" HPOS="997"/><SP WIDTH="8" VPOS="673" HPOS="1100"/><String CONTENT="the" HEIGHT="30" WIDTH="54" VPOS="670" HPOS="1109"/><SP WIDTH="10" VPOS="680" HPOS="1164"/><String CONTENT="affricate" HEIGHT="30" WIDTH="143" VPOS="670" HPOS="1175"/><SP WIDTH="9" VPOS="673" HPOS="1319"/><String CONTENT="t" HEIGHT="27" WIDTH="13" VPOS="673" HPOS="1329"/><SP WIDTH="1" VPOS="672" HPOS="1343"/><String CONTENT="J" HEIGHT="37" WIDTH="14" VPOS="672" HPOS="1345"/><SP WIDTH="8" VPOS="670" HPOS="1360"/><String CONTENT="is" HEIGHT="30" WIDTH="26" VPOS="670" HPOS="1369"/><SP WIDTH="9" VPOS="680" HPOS="1396"/><String CONTENT="common" HEIGHT="21" WIDTH="146" VPOS="680" HPOS="1406"/></TextLine>
<TextLine BASELINE="746" HEIGHT="42" WIDTH="1157" VPOS="714" HPOS="395"><String CONTENT="and" HEIGHT="30" WIDTH="62" VPOS="715" HPOS="395"/><SP WIDTH="17" VPOS="715" HPOS="458"/><String CONTENT="the" HEIGHT="32" WIDTH="55" VPOS="714" HPOS="476"/><SP WIDTH="16" VPOS="725" HPOS="532"/><String CONTENT="sequence" HEIGHT="30" WIDTH="152" VPOS="726" HPOS="549"/><SP WIDTH="16" VPOS="720" HPOS="702"/><String CONTENT="t" HEIGHT="26" WIDTH="14" VPOS="720" HPOS="719"/><SP WIDTH="14" VPOS="719" HPOS="734"/><String CONTENT="+" HEIGHT="33" WIDTH="35" VPOS="719" HPOS="749"/><SP WIDTH="13" VPOS="718" HPOS="785"/><String CONTENT="J" HEIGHT="38" WIDTH="13" VPOS="718" HPOS="799"/><SP WIDTH="15" VPOS="716" HPOS="813"/><String CONTENT="is" HEIGHT="30" WIDTH="26" VPOS="716" HPOS="829"/><SP WIDTH="15" VPOS="726" HPOS="856"/><String CONTENT="rare." HEIGHT="20" WIDTH="79" VPOS="726" HPOS="872"/><SP WIDTH="34" VPOS="715" HPOS="952"/><String CONTENT="It" HEIGHT="31" WIDTH="31" VPOS="715" HPOS="987"/><SP WIDTH="14" VPOS="716" HPOS="1019"/><String CONTENT="is" HEIGHT="30" WIDTH="27" VPOS="716" HPOS="1034"/><SP WIDTH="15" VPOS="726" HPOS="1062"/><String CONTENT="often" HEIGHT="31" WIDTH="90" VPOS="715" HPOS="1078"/><SP WIDTH="15" VPOS="715" HPOS="1169"/><String CONTENT="desirable" HEIGHT="31" WIDTH="155" VPOS="715" HPOS="1185"/><SP WIDTH="18" VPOS="716" HPOS="1341"/><String CONTENT="(e.g." HEIGHT="40" WIDTH="69" VPOS="716" HPOS="1360"/><SP WIDTH="16" VPOS="716" HPOS="1430"/><String CONTENT="in" HEIGHT="30" WIDTH="33" VPOS="716" HPOS="1447"/><SP WIDTH="15" VPOS="719" HPOS="1481"/><String CONTENT="the" HEIGHT="31" WIDTH="55" VPOS="715" HPOS="1497"/></TextLine>
<TextLine BASELINE="792" HEIGHT="41" WIDTH="1158" VPOS="761" HPOS="395"><String CONTENT="representation" HEIGHT="41" WIDTH="252" VPOS="761" HPOS="395"/><SP WIDTH="22" VPOS="772" HPOS="648"/><String CONTENT="of" HEIGHT="31" WIDTH="35" VPOS="761" HPOS="671"/><SP WIDTH="19" VPOS="761" HPOS="707"/><String CONTENT="Indian" HEIGHT="31" WIDTH="116" VPOS="761" HPOS="727"/><SP WIDTH="21" VPOS="762" HPOS="844"/><String CONTENT="languages)" HEIGHT="40" WIDTH="182" VPOS="762" HPOS="866"/><SP WIDTH="22" VPOS="762" HPOS="1049"/><String CONTENT="to" HEIGHT="28" WIDTH="34" VPOS="764" HPOS="1072"/><SP WIDTH="22" VPOS="772" HPOS="1107"/><String CONTENT="represent" HEIGHT="38" WIDTH="162" VPOS="764" HPOS="1130"/><SP WIDTH="19" VPOS="764" HPOS="1293"/><String CONTENT="the" HEIGHT="31" WIDTH="56" VPOS="761" HPOS="1313"/><SP WIDTH="23" VPOS="772" HPOS="1370"/><String CONTENT="affricates" HEIGHT="31" WIDTH="159" VPOS="761" HPOS="1394"/></TextLine>
<TextLine BASELINE="837" HEIGHT="41" WIDTH="1157" VPOS="806" HPOS="395"><String CONTENT="tj" HEIGHT="37" WIDTH="30" VPOS="809" HPOS="395"/><SP WIDTH="15" VPOS="809" HPOS="426"/><String CONTENT="and" HEIGHT="30" WIDTH="64" VPOS="806" HPOS="442"/><SP WIDTH="15" VPOS="806" HPOS="507"/><String CONTENT="dg" HEIGHT="39" WIDTH="38" VPOS="808" HPOS="523"/><SP WIDTH="14" VPOS="806" HPOS="562"/><String CONTENT="by" HEIGHT="41" WIDTH="45" VPOS="806" HPOS="577"/><SP WIDTH="13" VPOS="817" HPOS="623"/><String CONTENT="single" HEIGHT="39" WIDTH="98" VPOS="808" HPOS="637"/><SP WIDTH="14" VPOS="806" HPOS="736"/><String CONTENT="letters" HEIGHT="32" WIDTH="110" VPOS="806" HPOS="751"/><SP WIDTH="12" VPOS="817" HPOS="862"/><String CONTENT=";" HEIGHT="28" WIDTH="8" VPOS="817" HPOS="875"/><SP WIDTH="24" VPOS="811" HPOS="884"/><String CONTENT="the" HEIGHT="32" WIDTH="56" VPOS="806" HPOS="909"/><SP WIDTH="13" VPOS="806" HPOS="966"/><String CONTENT="letters" HEIGHT="32" WIDTH="111" VPOS="806" HPOS="980"/><SP WIDTH="15" VPOS="817" HPOS="1092"/><String CONTENT="c" HEIGHT="21" WIDTH="15" VPOS="817" HPOS="1108"/><SP WIDTH="14" VPOS="817" HPOS="1124"/><String CONTENT="and" HEIGHT="32" WIDTH="64" VPOS="806" HPOS="1139"/><SP WIDTH="15" VPOS="806" HPOS="1204"/><String CONTENT="j" HEIGHT="29" WIDTH="13" VPOS="817" HPOS="1220"/><SP WIDTH="14" VPOS="817" HPOS="1234"/><String CONTENT="may" HEIGHT="30" WIDTH="75" VPOS="817" HPOS="1249"/><SP WIDTH="14" VPOS="817" HPOS="1325"/><String CONTENT="generally" HEIGHT="41" WIDTH="159" VPOS="806" HPOS="1340"/><SP WIDTH="13" VPOS="806" HPOS="1500"/><String CONTENT="be" HEIGHT="32" WIDTH="38" VPOS="806" HPOS="1514"/></TextLine>
<TextLine BASELINE="883" HEIGHT="41" WIDTH="1155" VPOS="852" HPOS="397"><String CONTENT="used" HEIGHT="31" WIDTH="78" VPOS="852" HPOS="397"/><SP WIDTH="11" VPOS="852" HPOS="476"/><String CONTENT="for" HEIGHT="31" WIDTH="49" VPOS="852" HPOS="488"/><SP WIDTH="11" VPOS="856" HPOS="538"/><String CONTENT="this" HEIGHT="31" WIDTH="66" VPOS="852" HPOS="550"/><SP WIDTH="11" VPOS="863" HPOS="617"/><String CONTENT="purpose." HEIGHT="30" WIDTH="146" VPOS="863" HPOS="629"/><SP WIDTH="29" VPOS="852" HPOS="776"/><String CONTENT="Occasionally" HEIGHT="41" WIDTH="219" VPOS="852" HPOS="806"/><SP WIDTH="12" VPOS="856" HPOS="1026"/><String CONTENT="the" HEIGHT="31" WIDTH="55" VPOS="852" HPOS="1039"/><SP WIDTH="13" VPOS="863" HPOS="1095"/><String CONTENT="affricates" HEIGHT="31" WIDTH="160" VPOS="852" HPOS="1109"/><SP WIDTH="14" VPOS="856" HPOS="1270"/><String CONTENT="ts," HEIGHT="31" WIDTH="37" VPOS="856" HPOS="1285"/><SP WIDTH="17" VPOS="853" HPOS="1323"/><String CONTENT="dz" HEIGHT="29" WIDTH="36" VPOS="853" HPOS="1341"/><SP WIDTH="14" VPOS="863" HPOS="1378"/><String CONTENT="also" HEIGHT="31" WIDTH="66" VPOS="852" HPOS="1393"/><SP WIDTH="12" VPOS="863" HPOS="1460"/><String CONTENT="need" HEIGHT="31" WIDTH="79" VPOS="852" HPOS="1473"/></TextLine>
<TextLine BASELINE="929" HEIGHT="42" WIDTH="1157" VPOS="898" HPOS="395"><String CONTENT="representation" HEIGHT="40" WIDTH="252" VPOS="898" HPOS="395"/><SP WIDTH="13" VPOS="898" HPOS="648"/><String CONTENT="by" HEIGHT="40" WIDTH="45" VPOS="898" HPOS="662"/><SP WIDTH="13" VPOS="908" HPOS="708"/><String CONTENT="single" HEIGHT="40" WIDTH="98" VPOS="898" HPOS="722"/><SP WIDTH="13" VPOS="899" HPOS="821"/><String CONTENT="letters;" HEIGHT="37" WIDTH="132" VPOS="899" HPOS="835"/><SP WIDTH="25" VPOS="902" HPOS="968"/><String CONTENT="the" HEIGHT="31" WIDTH="55" VPOS="898" HPOS="994"/><SP WIDTH="14" VPOS="910" HPOS="1050"/><String CONTENT="special" HEIGHT="40" WIDTH="116" VPOS="898" HPOS="1065"/><SP WIDTH="14" VPOS="898" HPOS="1182"/><String CONTENT="symbols" HEIGHT="42" WIDTH="140" VPOS="898" HPOS="1197"/><SP WIDTH="14" VPOS="899" HPOS="1338"/><String CONTENT="$" HEIGHT="30" WIDTH="17" VPOS="899" HPOS="1353"/><SP WIDTH="13" VPOS="899" HPOS="1371"/><String CONTENT="and" HEIGHT="31" WIDTH="64" VPOS="898" HPOS="1385"/><SP WIDTH="15" VPOS="898" HPOS="1450"/><String CONTENT="2" HEIGHT="28" WIDTH="18" VPOS="901" HPOS="1466"/><SP WIDTH="15" VPOS="901" HPOS="1485"/><String CONTENT="are" HEIGHT="21" WIDTH="51" VPOS="908" HPOS="1501"/></TextLine>
<TextLine BASELINE="974" HEIGHT="42" WIDTH="1157" VPOS="943" HPOS="395"><String CONTENT="recommended" HEIGHT="32" WIDTH="243" VPOS="944" HPOS="395"/><SP WIDTH="21" VPOS="943" HPOS="639"/><String CONTENT="for" HEIGHT="33" WIDTH="49" VPOS="943" HPOS="661"/><SP WIDTH="21" VPOS="955" HPOS="711"/><String CONTENT="use" HEIGHT="21" WIDTH="55" VPOS="955" HPOS="733"/><SP WIDTH="22" VPOS="944" HPOS="789"/><String CONTENT="in" HEIGHT="30" WIDTH="33" VPOS="944" HPOS="812"/><SP WIDTH="22" VPOS="955" HPOS="846"/><String CONTENT="such" HEIGHT="33" WIDTH="77" VPOS="943" HPOS="869"/><SP WIDTH="22" VPOS="943" HPOS="947"/><String CONTENT="cases." HEIGHT="21" WIDTH="96" VPOS="955" HPOS="970"/><SP WIDTH="53" VPOS="946" HPOS="1067"/><String CONTENT="(In" HEIGHT="40" WIDTH="51" VPOS="943" HPOS="1121"/><SP WIDTH="22" VPOS="955" HPOS="1173"/><String CONTENT="a" HEIGHT="19" WIDTH="19" VPOS="955" HPOS="1196"/><SP WIDTH="21" VPOS="943" HPOS="1216"/><String CONTENT="language" HEIGHT="42" WIDTH="153" VPOS="943" HPOS="1238"/><SP WIDTH="24" VPOS="955" HPOS="1392"/><String CONTENT="such" HEIGHT="31" WIDTH="78" VPOS="943" HPOS="1417"/><SP WIDTH="22" VPOS="943" HPOS="1496"/><String CONTENT="as" HEIGHT="19" WIDTH="33" VPOS="955" HPOS="1519"/></TextLine>
<TextLine BASELINE="1020" HEIGHT="41" WIDTH="1157" VPOS="990" HPOS="395"><String CONTENT="Marathi," HEIGHT="37" WIDTH="149" VPOS="990" HPOS="395"/><SP WIDTH="13" VPOS="1001" HPOS="545"/><String CONTENT="which" HEIGHT="31" WIDTH="104" VPOS="990" HPOS="559"/><SP WIDTH="11" VPOS="990" HPOS="664"/><String CONTENT="contains" HEIGHT="30" WIDTH="145" VPOS="991" HPOS="676"/><SP WIDTH="13" VPOS="1001" HPOS="822"/><String CONTENT="affricate" HEIGHT="31" WIDTH="144" VPOS="990" HPOS="836"/><SP WIDTH="13" VPOS="991" HPOS="981"/><String CONTENT="dz" HEIGHT="29" WIDTH="36" VPOS="991" HPOS="995"/><SP WIDTH="13" VPOS="990" HPOS="1032"/><String CONTENT="but" HEIGHT="31" WIDTH="60" VPOS="990" HPOS="1046"/><SP WIDTH="11" VPOS="994" HPOS="1107"/><String CONTENT="no" HEIGHT="19" WIDTH="41" VPOS="1001" HPOS="1119"/><SP WIDTH="13" VPOS="1000" HPOS="1161"/><String CONTENT="z," HEIGHT="26" WIDTH="24" VPOS="1000" HPOS="1175"/><SP WIDTH="14" VPOS="994" HPOS="1200"/><String CONTENT="the" HEIGHT="31" WIDTH="54" VPOS="990" HPOS="1215"/><SP WIDTH="12" VPOS="990" HPOS="1270"/><String CONTENT="letter" HEIGHT="30" WIDTH="95" VPOS="990" HPOS="1283"/><SP WIDTH="13" VPOS="1000" HPOS="1379"/><String CONTENT="z" HEIGHT="20" WIDTH="15" VPOS="1000" HPOS="1393"/><SP WIDTH="15" VPOS="1000" HPOS="1409"/><String CONTENT="may" HEIGHT="30" WIDTH="74" VPOS="1001" HPOS="1425"/><SP WIDTH="13" VPOS="990" HPOS="1500"/><String CONTENT="be" HEIGHT="30" WIDTH="38" VPOS="990" HPOS="1514"/></TextLine>
<TextLine BASELINE="1066" HEIGHT="40" WIDTH="1157" VPOS="1036" HPOS="395"><String CONTENT="used" HEIGHT="29" WIDTH="78" VPOS="1036" HPOS="395"/><SP WIDTH="16" VPOS="1036" HPOS="474"/><String CONTENT="in" HEIGHT="31" WIDTH="34" VPOS="1036" HPOS="491"/><SP WIDTH="16" VPOS="1046" HPOS="526"/><String CONTENT="place" HEIGHT="40" WIDTH="89" VPOS="1036" HPOS="543"/><SP WIDTH="17" VPOS="1046" HPOS="633"/><String CONTENT="of" HEIGHT="31" WIDTH="36" VPOS="1036" HPOS="651"/><SP WIDTH="16" VPOS="1036" HPOS="688"/><String CONTENT="2" HEIGHT="29" WIDTH="19" VPOS="1038" HPOS="705"/><SP WIDTH="17" VPOS="1037" HPOS="725"/><String CONTENT="in" HEIGHT="30" WIDTH="33" VPOS="1037" HPOS="743"/><SP WIDTH="17" VPOS="1046" HPOS="777"/><String CONTENT="accordance" HEIGHT="31" WIDTH="192" VPOS="1036" HPOS="795"/><SP WIDTH="17" VPOS="1046" HPOS="988"/><String CONTENT="with" HEIGHT="31" WIDTH="81" VPOS="1036" HPOS="1006"/><SP WIDTH="16" VPOS="1036" HPOS="1088"/><String CONTENT="the" HEIGHT="31" WIDTH="55" VPOS="1036" HPOS="1105"/><SP WIDTH="17" VPOS="1046" HPOS="1161"/><String CONTENT="principle" HEIGHT="40" WIDTH="154" VPOS="1036" HPOS="1179"/><SP WIDTH="17" VPOS="1036" HPOS="1334"/><String CONTENT="in" HEIGHT="29" WIDTH="32" VPOS="1036" HPOS="1352"/><SP WIDTH="19" VPOS="1036" HPOS="1385"/><String CONTENT="§" HEIGHT="40" WIDTH="14" VPOS="1036" HPOS="1405"/><SP WIDTH="11" VPOS="1036" HPOS="1420"/><String CONTENT="27" HEIGHT="31" WIDTH="37" VPOS="1036" HPOS="1432"/><SP WIDTH="13" VPOS="1036" HPOS="1470"/><String CONTENT="(a).)" HEIGHT="39" WIDTH="68" VPOS="1036" HPOS="1484"/></TextLine>
<TextLine BASELINE="1112" HEIGHT="42" WIDTH="1159" VPOS="1080" HPOS="394"><String CONTENT="Doubled" HEIGHT="31" WIDTH="149" VPOS="1081" HPOS="394"/><SP WIDTH="15" VPOS="1081" HPOS="544"/><String CONTENT="affricates" HEIGHT="31" WIDTH="159" VPOS="1081" HPOS="560"/><SP WIDTH="16" VPOS="1092" HPOS="720"/><String CONTENT="may" HEIGHT="30" WIDTH="76" VPOS="1092" HPOS="737"/><SP WIDTH="22" VPOS="1080" HPOS="814"/><String CONTENT="he" HEIGHT="32" WIDTH="40" VPOS="1080" HPOS="837"/><SP WIDTH="11" VPOS="1092" HPOS="878"/><String CONTENT="represented" HEIGHT="41" WIDTH="201" VPOS="1081" HPOS="890"/><SP WIDTH="13" VPOS="1081" HPOS="1092"/><String CONTENT="thus" HEIGHT="31" WIDTH="75" VPOS="1081" HPOS="1106"/><SP WIDTH="16" VPOS="1086" HPOS="1182"/><String CONTENT="ttj," HEIGHT="38" WIDTH="56" VPOS="1083" HPOS="1199"/><SP WIDTH="14" VPOS="1086" HPOS="1256"/><String CONTENT="tts," HEIGHT="30" WIDTH="56" VPOS="1086" HPOS="1271"/><SP WIDTH="18" VPOS="1092" HPOS="1328"/><String CONTENT="etc." HEIGHT="27" WIDTH="59" VPOS="1085" HPOS="1347"/><SP WIDTH="19" VPOS="1082" HPOS="1407"/><String CONTENT="(except" HEIGHT="40" WIDTH="126" VPOS="1082" HPOS="1427"/></TextLine>
<TextLine BASELINE="1158" HEIGHT="40" WIDTH="1157" VPOS="1127" HPOS="394"><String CONTENT="in" HEIGHT="30" WIDTH="34" VPOS="1127" HPOS="394"/><SP WIDTH="11" VPOS="1127" HPOS="429"/><String CONTENT="languages" HEIGHT="40" WIDTH="170" VPOS="1127" HPOS="441"/><SP WIDTH="12" VPOS="1137" HPOS="612"/><String CONTENT="where" HEIGHT="31" WIDTH="102" VPOS="1127" HPOS="625"/><SP WIDTH="12" VPOS="1127" HPOS="728"/><String CONTENT="dental" HEIGHT="31" WIDTH="109" VPOS="1127" HPOS="741"/><SP WIDTH="11" VPOS="1127" HPOS="851"/><String CONTENT="t" HEIGHT="27" WIDTH="15" VPOS="1131" HPOS="863"/><SP WIDTH="12" VPOS="1131" HPOS="879"/><String CONTENT="may" HEIGHT="30" WIDTH="76" VPOS="1137" HPOS="892"/><SP WIDTH="11" VPOS="1127" HPOS="969"/><String CONTENT="be" HEIGHT="31" WIDTH="38" VPOS="1127" HPOS="981"/><SP WIDTH="13" VPOS="1127" HPOS="1020"/><String CONTENT="followed" HEIGHT="31" WIDTH="146" VPOS="1127" HPOS="1034"/><SP WIDTH="11" VPOS="1127" HPOS="1181"/><String CONTENT="by" HEIGHT="40" WIDTH="45" VPOS="1127" HPOS="1193"/><SP WIDTH="12" VPOS="1137" HPOS="1239"/><String CONTENT="affricate" HEIGHT="31" WIDTH="144" VPOS="1127" HPOS="1252"/><SP WIDTH="13" VPOS="1130" HPOS="1397"/><String CONTENT="tj," HEIGHT="36" WIDTH="39" VPOS="1129" HPOS="1411"/><SP WIDTH="14" VPOS="1137" HPOS="1451"/><String CONTENT="etc.)," HEIGHT="38" WIDTH="85" VPOS="1127" HPOS="1466"/></TextLine>
<TextLine BASELINE="1203" HEIGHT="35" WIDTH="333" VPOS="1172" HPOS="395"><String CONTENT="or" HEIGHT="19" WIDTH="35" VPOS="1183" HPOS="395"/><SP WIDTH="17" VPOS="1176" HPOS="431"/><String CONTENT="thus" HEIGHT="31" WIDTH="76" VPOS="1172" HPOS="449"/><SP WIDTH="15" VPOS="1184" HPOS="526"/><String CONTENT="ec," HEIGHT="23" WIDTH="42" VPOS="1184" HPOS="542"/><SP WIDTH="17" VPOS="1173" HPOS="585"/><String CONTENT="S3," HEIGHT="33" WIDTH="44" VPOS="1173" HPOS="603"/><SP WIDTH="19" VPOS="1184" HPOS="648"/><String CONTENT="etc." HEIGHT="28" WIDTH="60" VPOS="1177" HPOS="668"/></TextLine>
<TextLine BASELINE="1255" HEIGHT="42" WIDTH="1112" VPOS="1225" HPOS="439"><String CONTENT="(b)" HEIGHT="40" WIDTH="40" VPOS="1225" HPOS="439"/><SP WIDTH="21" VPOS="1225" HPOS="480"/><String CONTENT="To" HEIGHT="31" WIDTH="45" VPOS="1225" HPOS="502"/><SP WIDTH="14" VPOS="1236" HPOS="548"/><String CONTENT="represent" HEIGHT="37" WIDTH="162" VPOS="1230" HPOS="563"/><SP WIDTH="16" VPOS="1230" HPOS="726"/><String CONTENT="aspirated" HEIGHT="41" WIDTH="162" VPOS="1225" HPOS="743"/><SP WIDTH="15" VPOS="1225" HPOS="906"/><String CONTENT="consonants," HEIGHT="33" WIDTH="203" VPOS="1229" HPOS="922"/><SP WIDTH="17" VPOS="1236" HPOS="1126"/><String CONTENT="when" HEIGHT="31" WIDTH="93" VPOS="1225" HPOS="1144"/><SP WIDTH="14" VPOS="1229" HPOS="1238"/><String CONTENT="these" HEIGHT="31" WIDTH="89" VPOS="1225" HPOS="1253"/><SP WIDTH="16" VPOS="1225" HPOS="1343"/><String CONTENT="have" HEIGHT="30" WIDTH="82" VPOS="1225" HPOS="1360"/><SP WIDTH="16" VPOS="1229" HPOS="1443"/><String CONTENT="to" HEIGHT="26" WIDTH="35" VPOS="1229" HPOS="1460"/><SP WIDTH="16" VPOS="1225" HPOS="1496"/><String CONTENT="be" HEIGHT="30" WIDTH="38" VPOS="1225" HPOS="1513"/></TextLine>
<TextLine BASELINE="1302" HEIGHT="42" WIDTH="1157" VPOS="1269" HPOS="395"><String CONTENT="distinguished" HEIGHT="40" WIDTH="233" VPOS="1271" HPOS="395"/><SP WIDTH="38" VPOS="1271" HPOS="629"/><String CONTENT="from" HEIGHT="31" WIDTH="83" VPOS="1271" HPOS="668"/><SP WIDTH="38" VPOS="1281" HPOS="752"/><String CONTENT="corresponding" HEIGHT="40" WIDTH="245" VPOS="1271" HPOS="791"/><SP WIDTH="40" VPOS="1271" HPOS="1037"/><String CONTENT="“" HEIGHT="12" WIDTH="18" VPOS="1271" HPOS="1078"/><SP WIDTH="11" VPOS="1271" HPOS="1097"/><String CONTENT="non-aspirated" HEIGHT="40" WIDTH="240" VPOS="1271" HPOS="1109"/><SP WIDTH="12" VPOS="1269" HPOS="1350"/><String CONTENT="”" HEIGHT="15" WIDTH="19" VPOS="1269" HPOS="1363"/><SP WIDTH="39" VPOS="1269" HPOS="1383"/><String CONTENT="sounds." HEIGHT="33" WIDTH="129" VPOS="1269" HPOS="1423"/></TextLine>
<TextLine BASELINE="1347" HEIGHT="42" WIDTH="1064" VPOS="1315" HPOS="395"><String CONTENT="Aspirated" HEIGHT="41" WIDTH="172" VPOS="1316" HPOS="395"/><SP WIDTH="15" VPOS="1316" HPOS="568"/><String CONTENT="consonants" HEIGHT="26" WIDTH="192" VPOS="1321" HPOS="584"/><SP WIDTH="15" VPOS="1327" HPOS="777"/><String CONTENT="may" HEIGHT="30" WIDTH="75" VPOS="1327" HPOS="793"/><SP WIDTH="15" VPOS="1315" HPOS="869"/><String CONTENT="be" HEIGHT="32" WIDTH="40" VPOS="1315" HPOS="885"/><SP WIDTH="14" VPOS="1327" HPOS="926"/><String CONTENT="represented" HEIGHT="41" WIDTH="204" VPOS="1316" HPOS="941"/><SP WIDTH="14" VPOS="1316" HPOS="1146"/><String CONTENT="thus," HEIGHT="39" WIDTH="85" VPOS="1316" HPOS="1161"/><SP WIDTH="16" VPOS="1326" HPOS="1247"/><String CONTENT="ph," HEIGHT="34" WIDTH="52" VPOS="1319" HPOS="1264"/><SP WIDTH="16" VPOS="1320" HPOS="1317"/><String CONTENT="th," HEIGHT="32" WIDTH="44" VPOS="1319" HPOS="1334"/><SP WIDTH="17" VPOS="1327" HPOS="1379"/><String CONTENT="etc." HEIGHT="26" WIDTH="62" VPOS="1320" HPOS="1397"/></TextLine>
<TextLine BASELINE="1393" HEIGHT="42" WIDTH="1115" VPOS="1362" HPOS="436"><String CONTENT="(c)" HEIGHT="39" WIDTH="40" VPOS="1362" HPOS="436"/><SP WIDTH="21" VPOS="1362" HPOS="477"/><String CONTENT="To" HEIGHT="30" WIDTH="44" VPOS="1363" HPOS="499"/><SP WIDTH="11" VPOS="1374" HPOS="544"/><String CONTENT="represent" HEIGHT="37" WIDTH="162" VPOS="1367" HPOS="556"/><SP WIDTH="11" VPOS="1367" HPOS="719"/><String CONTENT="the" HEIGHT="32" WIDTH="56" VPOS="1362" HPOS="731"/><SP WIDTH="14" VPOS="1362" HPOS="788"/><String CONTENT="“" HEIGHT="13" WIDTH="18" VPOS="1362" HPOS="803"/><SP WIDTH="12" VPOS="1362" HPOS="822"/><String CONTENT="aspirated" HEIGHT="42" WIDTH="160" VPOS="1362" HPOS="835"/><SP WIDTH="14" VPOS="1362" HPOS="996"/><String CONTENT="s" HEIGHT="19" WIDTH="13" VPOS="1373" HPOS="1011"/><SP WIDTH="16" VPOS="1362" HPOS="1025"/><String CONTENT="”" HEIGHT="13" WIDTH="19" VPOS="1362" HPOS="1042"/><SP WIDTH="13" VPOS="1362" HPOS="1062"/><String CONTENT="of" HEIGHT="31" WIDTH="36" VPOS="1362" HPOS="1076"/><SP WIDTH="9" VPOS="1362" HPOS="1113"/><String CONTENT="Burmese," HEIGHT="38" WIDTH="160" VPOS="1362" HPOS="1123"/><SP WIDTH="15" VPOS="1362" HPOS="1284"/><String CONTENT="Shan," HEIGHT="38" WIDTH="96" VPOS="1362" HPOS="1300"/><SP WIDTH="14" VPOS="1362" HPOS="1397"/><String CONTENT="Korean," HEIGHT="37" WIDTH="139" VPOS="1362" HPOS="1412"/></TextLine>
<TextLine BASELINE="1439" HEIGHT="42" WIDTH="826" VPOS="1407" HPOS="394"><String CONTENT="etc.," HEIGHT="34" WIDTH="71" VPOS="1412" HPOS="394"/><SP WIDTH="15" VPOS="1419" HPOS="466"/><String CONTENT="which" HEIGHT="31" WIDTH="104" VPOS="1409" HPOS="482"/><SP WIDTH="13" VPOS="1409" HPOS="587"/><String CONTENT="may" HEIGHT="30" WIDTH="75" VPOS="1419" HPOS="601"/><SP WIDTH="13" VPOS="1407" HPOS="677"/><String CONTENT="be" HEIGHT="32" WIDTH="38" VPOS="1407" HPOS="691"/><SP WIDTH="14" VPOS="1419" HPOS="730"/><String CONTENT="adequately" HEIGHT="40" WIDTH="192" VPOS="1409" HPOS="745"/><SP WIDTH="12" VPOS="1419" HPOS="938"/><String CONTENT="rendered" HEIGHT="30" WIDTH="152" VPOS="1409" HPOS="951"/><SP WIDTH="13" VPOS="1407" HPOS="1104"/><String CONTENT="by" HEIGHT="42" WIDTH="44" VPOS="1407" HPOS="1118"/><SP WIDTH="14" VPOS="1419" HPOS="1163"/><String CONTENT="sh," HEIGHT="29" WIDTH="42" VPOS="1410" HPOS="1178"/></TextLine>
<TextLine BASELINE="1484" HEIGHT="42" WIDTH="1116" VPOS="1453" HPOS="437"><String CONTENT="(d)" HEIGHT="41" WIDTH="45" VPOS="1453" HPOS="437"/><SP WIDTH="19" VPOS="1454" HPOS="483"/><String CONTENT="To" HEIGHT="31" WIDTH="45" VPOS="1454" HPOS="503"/><SP WIDTH="25" VPOS="1465" HPOS="549"/><String CONTENT="represent" HEIGHT="39" WIDTH="162" VPOS="1456" HPOS="575"/><SP WIDTH="25" VPOS="1454" HPOS="738"/><String CONTENT="laterally" HEIGHT="41" WIDTH="147" VPOS="1454" HPOS="764"/><SP WIDTH="28" VPOS="1465" HPOS="912"/><String CONTENT="exploded" HEIGHT="41" WIDTH="158" VPOS="1454" HPOS="941"/><SP WIDTH="25" VPOS="1454" HPOS="1100"/><String CONTENT="t" HEIGHT="25" WIDTH="13" VPOS="1459" HPOS="1126"/><SP WIDTH="27" VPOS="1459" HPOS="1140"/><String CONTENT="and" HEIGHT="30" WIDTH="65" VPOS="1454" HPOS="1168"/><SP WIDTH="26" VPOS="1454" HPOS="1234"/><String CONTENT="d" HEIGHT="29" WIDTH="19" VPOS="1455" HPOS="1261"/><SP WIDTH="28" VPOS="1455" HPOS="1281"/><String CONTENT="(as" HEIGHT="39" WIDTH="45" VPOS="1455" HPOS="1310"/><SP WIDTH="25" VPOS="1454" HPOS="1356"/><String CONTENT="in" HEIGHT="30" WIDTH="33" VPOS="1454" HPOS="1382"/><SP WIDTH="26" VPOS="1454" HPOS="1416"/><String CONTENT="Bantu" HEIGHT="30" WIDTH="110" VPOS="1454" HPOS="1443"/></TextLine>
<TextLine BASELINE="1530" HEIGHT="42" WIDTH="1158" VPOS="1498" HPOS="395"><String CONTENT="languages);" HEIGHT="40" WIDTH="204" VPOS="1500" HPOS="395"/><SP WIDTH="32" VPOS="1503" HPOS="600"/><String CONTENT="these" HEIGHT="31" WIDTH="89" VPOS="1500" HPOS="633"/><SP WIDTH="21" VPOS="1510" HPOS="723"/><String CONTENT="may," HEIGHT="30" WIDTH="84" VPOS="1510" HPOS="745"/><SP WIDTH="20" VPOS="1510" HPOS="830"/><String CONTENT="without" HEIGHT="31" WIDTH="140" VPOS="1500" HPOS="851"/><SP WIDTH="19" VPOS="1504" HPOS="992"/><String CONTENT="ambiguity," HEIGHT="40" WIDTH="191" VPOS="1500" HPOS="1012"/><SP WIDTH="21" VPOS="1500" HPOS="1204"/><String CONTENT="be" HEIGHT="30" WIDTH="38" VPOS="1500" HPOS="1226"/><SP WIDTH="20" VPOS="1510" HPOS="1265"/><String CONTENT="represented" HEIGHT="42" WIDTH="201" VPOS="1498" HPOS="1286"/><SP WIDTH="20" VPOS="1498" HPOS="1488"/><String CONTENT="by" HEIGHT="42" WIDTH="44" VPOS="1498" HPOS="1509"/></TextLine>
<TextLine BASELINE="1575" HEIGHT="35" WIDTH="94" VPOS="1546" HPOS="395"><String CONTENT="tl," HEIGHT="33" WIDTH="35" VPOS="1548" HPOS="395"/><SP WIDTH="19" VPOS="1548" HPOS="431"/><String CONTENT="dl." HEIGHT="29" WIDTH="38" VPOS="1546" HPOS="451"/></TextLine>
<TextLine BASELINE="1628" HEIGHT="42" WIDTH="1115" VPOS="1597" HPOS="437"><String CONTENT="{e)" HEIGHT="38" WIDTH="39" VPOS="1598" HPOS="437"/><SP WIDTH="22" VPOS="1598" HPOS="477"/><String CONTENT="To" HEIGHT="31" WIDTH="43" VPOS="1598" HPOS="500"/><SP WIDTH="17" VPOS="1609" HPOS="544"/><String CONTENT="represent" HEIGHT="36" WIDTH="161" VPOS="1603" HPOS="562"/><SP WIDTH="16" VPOS="1603" HPOS="724"/><String CONTENT="voiceless" HEIGHT="31" WIDTH="151" VPOS="1598" HPOS="741"/><SP WIDTH="16" VPOS="1609" HPOS="893"/><String CONTENT="nasal" HEIGHT="30" WIDTH="90" VPOS="1598" HPOS="910"/><SP WIDTH="16" VPOS="1598" HPOS="1001"/><String CONTENT="consonants," HEIGHT="33" WIDTH="202" VPOS="1602" HPOS="1018"/><SP WIDTH="18" VPOS="1609" HPOS="1221"/><String CONTENT="when" HEIGHT="30" WIDTH="91" VPOS="1598" HPOS="1240"/><SP WIDTH="16" VPOS="1602" HPOS="1332"/><String CONTENT="these" HEIGHT="31" WIDTH="89" VPOS="1597" HPOS="1349"/><SP WIDTH="17" VPOS="1608" HPOS="1439"/><String CONTENT="occur" HEIGHT="20" WIDTH="95" VPOS="1608" HPOS="1457"/></TextLine>
<TextLine BASELINE="1674" HEIGHT="42" WIDTH="1085" VPOS="1642" HPOS="394"><String CONTENT="as" HEIGHT="20" WIDTH="35" VPOS="1654" HPOS="394"/><SP WIDTH="14" VPOS="1654" HPOS="430"/><String CONTENT="separate" HEIGHT="37" WIDTH="145" VPOS="1647" HPOS="445"/><SP WIDTH="13" VPOS="1654" HPOS="591"/><String CONTENT="phonemes" HEIGHT="42" WIDTH="173" VPOS="1642" HPOS="605"/><SP WIDTH="13" VPOS="1654" HPOS="779"/><String CONTENT=";" HEIGHT="27" WIDTH="6" VPOS="1654" HPOS="793"/><SP WIDTH="26" VPOS="1647" HPOS="800"/><String CONTENT="they" HEIGHT="40" WIDTH="78" VPOS="1644" HPOS="827"/><SP WIDTH="14" VPOS="1654" HPOS="906"/><String CONTENT="may" HEIGHT="30" WIDTH="76" VPOS="1654" HPOS="921"/><SP WIDTH="13" VPOS="1642" HPOS="998"/><String CONTENT="be" HEIGHT="33" WIDTH="39" VPOS="1642" HPOS="1012"/><SP WIDTH="13" VPOS="1654" HPOS="1052"/><String CONTENT="written" HEIGHT="31" WIDTH="131" VPOS="1644" HPOS="1066"/><SP WIDTH="12" VPOS="1645" HPOS="1198"/><String CONTENT="hm," HEIGHT="35" WIDTH="60" VPOS="1645" HPOS="1211"/><SP WIDTH="16" VPOS="1645" HPOS="1272"/><String CONTENT="hn," HEIGHT="35" WIDTH="51" VPOS="1645" HPOS="1289"/><SP WIDTH="17" VPOS="1644" HPOS="1341"/><String CONTENT="hji," HEIGHT="39" WIDTH="53" VPOS="1644" HPOS="1359"/><SP WIDTH="16" VPOS="1644" HPOS="1413"/><String CONTENT="hr)." HEIGHT="39" WIDTH="49" VPOS="1644" HPOS="1430"/></TextLine>
<TextLine BASELINE="1726" HEIGHT="43" WIDTH="1116" VPOS="1694" HPOS="436"><String CONTENT="(/)" HEIGHT="42" WIDTH="48" VPOS="1694" HPOS="436"/><SP WIDTH="22" VPOS="1695" HPOS="485"/><String CONTENT="To" HEIGHT="30" WIDTH="43" VPOS="1695" HPOS="508"/><SP WIDTH="14" VPOS="1706" HPOS="552"/><String CONTENT="represent" HEIGHT="38" WIDTH="162" VPOS="1699" HPOS="567"/><SP WIDTH="17" VPOS="1695" HPOS="730"/><String CONTENT="“" HEIGHT="12" WIDTH="18" VPOS="1695" HPOS="748"/><SP WIDTH="10" VPOS="1695" HPOS="767"/><String CONTENT="r-coloured" HEIGHT="31" WIDTH="179" VPOS="1695" HPOS="778"/><SP WIDTH="11" VPOS="1695" HPOS="958"/><String CONTENT="”" HEIGHT="12" WIDTH="19" VPOS="1695" HPOS="970"/><SP WIDTH="15" VPOS="1695" HPOS="990"/><String CONTENT="vowels," HEIGHT="39" WIDTH="126" VPOS="1695" HPOS="1006"/><SP WIDTH="15" VPOS="1695" HPOS="1133"/><String CONTENT="i.e." HEIGHT="33" WIDTH="49" VPOS="1695" HPOS="1149"/><SP WIDTH="16" VPOS="1706" HPOS="1199"/><String CONTENT="vowels" HEIGHT="30" WIDTH="117" VPOS="1695" HPOS="1216"/><SP WIDTH="13" VPOS="1705" HPOS="1334"/><String CONTENT="pronounced" HEIGHT="42" WIDTH="204" VPOS="1694" HPOS="1348"/></TextLine>
<TextLine BASELINE="1772" HEIGHT="42" WIDTH="1158" VPOS="1740" HPOS="394"><String CONTENT="with" HEIGHT="32" WIDTH="79" VPOS="1740" HPOS="394"/><SP WIDTH="13" VPOS="1740" HPOS="474"/><String CONTENT="retroflex" HEIGHT="31" WIDTH="150" VPOS="1741" HPOS="488"/><SP WIDTH="13" VPOS="1752" HPOS="639"/><String CONTENT="modification" HEIGHT="31" WIDTH="219" VPOS="1741" HPOS="653"/><SP WIDTH="15" VPOS="1752" HPOS="873"/><String CONTENT="or" HEIGHT="20" WIDTH="34" VPOS="1752" HPOS="889"/><SP WIDTH="14" VPOS="1752" HPOS="924"/><String CONTENT="with" HEIGHT="31" WIDTH="80" VPOS="1741" HPOS="939"/><SP WIDTH="14" VPOS="1741" HPOS="1020"/><String CONTENT="other" HEIGHT="31" WIDTH="92" VPOS="1741" HPOS="1035"/><SP WIDTH="14" VPOS="1744" HPOS="1128"/><String CONTENT="types" HEIGHT="38" WIDTH="94" VPOS="1744" HPOS="1143"/><SP WIDTH="14" VPOS="1752" HPOS="1238"/><String CONTENT="of" HEIGHT="31" WIDTH="36" VPOS="1741" HPOS="1253"/><SP WIDTH="10" VPOS="1741" HPOS="1290"/><String CONTENT="tongue" HEIGHT="36" WIDTH="118" VPOS="1744" HPOS="1301"/><SP WIDTH="15" VPOS="1750" HPOS="1420"/><String CONTENT="retrac" HEIGHT="28" WIDTH="103" VPOS="1744" HPOS="1436" SUBS_TYPE="HypPart1" SUBS_CONTENT="retraction"/><HYP CONTENT="­"/></TextLine>
<TextLine BASELINE="1817" HEIGHT="42" WIDTH="1158" VPOS="1785" HPOS="394"><String CONTENT="tion" HEIGHT="30" WIDTH="70" VPOS="1788" HPOS="394" SUBS_TYPE="HypPart2" SUBS_CONTENT="retraction"/><SP WIDTH="17" VPOS="1797" HPOS="465"/><String CONTENT="producing" HEIGHT="41" WIDTH="176" VPOS="1786" HPOS="483"/><SP WIDTH="16" VPOS="1797" HPOS="660"/><String CONTENT="a" HEIGHT="20" WIDTH="20" VPOS="1798" HPOS="677"/><SP WIDTH="18" VPOS="1798" HPOS="698"/><String CONTENT="similar" HEIGHT="30" WIDTH="121" VPOS="1788" HPOS="717"/><SP WIDTH="16" VPOS="1797" HPOS="839"/><String CONTENT="acoustic" HEIGHT="30" WIDTH="143" VPOS="1788" HPOS="856"/><SP WIDTH="17" VPOS="1797" HPOS="1000"/><String CONTENT="effect." HEIGHT="30" WIDTH="103" VPOS="1788" HPOS="1018"/><SP WIDTH="39" VPOS="1788" HPOS="1122"/><String CONTENT="These" HEIGHT="30" WIDTH="100" VPOS="1788" HPOS="1162"/><SP WIDTH="17" VPOS="1797" HPOS="1263"/><String CONTENT="sounds" HEIGHT="32" WIDTH="118" VPOS="1786" HPOS="1281"/><SP WIDTH="17" VPOS="1797" HPOS="1400"/><String CONTENT="may" HEIGHT="30" WIDTH="77" VPOS="1797" HPOS="1418"/><SP WIDTH="16" VPOS="1785" HPOS="1496"/><String CONTENT="be" HEIGHT="31" WIDTH="39" VPOS="1785" HPOS="1513"/></TextLine>
<TextLine BASELINE="1863" HEIGHT="42" WIDTH="1159" VPOS="1832" HPOS="394"><String CONTENT="represented" HEIGHT="41" WIDTH="202" VPOS="1832" HPOS="394"/><SP WIDTH="12" VPOS="1832" HPOS="597"/><String CONTENT="by" HEIGHT="42" WIDTH="45" VPOS="1832" HPOS="610"/><SP WIDTH="12" VPOS="1844" HPOS="656"/><String CONTENT="vowel" HEIGHT="30" WIDTH="101" VPOS="1833" HPOS="669"/><SP WIDTH="11" VPOS="1833" HPOS="771"/><String CONTENT="letters" HEIGHT="30" WIDTH="110" VPOS="1833" HPOS="783"/><SP WIDTH="13" VPOS="1832" HPOS="894"/><String CONTENT="followed" HEIGHT="31" WIDTH="146" VPOS="1832" HPOS="908"/><SP WIDTH="11" VPOS="1833" HPOS="1055"/><String CONTENT="by" HEIGHT="41" WIDTH="46" VPOS="1833" HPOS="1067"/><SP WIDTH="11" VPOS="1844" HPOS="1114"/><String CONTENT="j," HEIGHT="24" WIDTH="24" VPOS="1844" HPOS="1126"/><SP WIDTH="15" VPOS="1837" HPOS="1151"/><String CONTENT="thus" HEIGHT="31" WIDTH="76" VPOS="1832" HPOS="1167"/><SP WIDTH="13" VPOS="1843" HPOS="1244"/><String CONTENT="ai," HEIGHT="26" WIDTH="45" VPOS="1843" HPOS="1258"/><SP WIDTH="16" VPOS="1843" HPOS="1304"/><String CONTENT="or," HEIGHT="25" WIDTH="39" VPOS="1843" HPOS="1321"/><SP WIDTH="16" VPOS="1843" HPOS="1361"/><String CONTENT="u.i." HEIGHT="20" WIDTH="46" VPOS="1843" HPOS="1378"/><SP WIDTH="29" VPOS="1832" HPOS="1425"/><String CONTENT="The" HEIGHT="30" WIDTH="65" VPOS="1832" HPOS="1455"/><SP WIDTH="16" VPOS="1843" HPOS="1521"/><String CONTENT="a" HEIGHT="19" WIDTH="15" VPOS="1843" HPOS="1538"/></TextLine>
<TextLine BASELINE="1909" HEIGHT="42" WIDTH="1159" VPOS="1877" HPOS="394"><String CONTENT="may" HEIGHT="30" WIDTH="77" VPOS="1888" HPOS="394"/><SP WIDTH="11" VPOS="1888" HPOS="472"/><String CONTENT="sometimes" HEIGHT="30" WIDTH="183" VPOS="1879" HPOS="484"/><SP WIDTH="12" VPOS="1877" HPOS="668"/><String CONTENT="be" HEIGHT="32" WIDTH="40" VPOS="1877" HPOS="681"/><SP WIDTH="12" VPOS="1889" HPOS="722"/><String CONTENT="replaced" HEIGHT="40" WIDTH="145" VPOS="1879" HPOS="735"/><SP WIDTH="14" VPOS="1877" HPOS="881"/><String CONTENT="by" HEIGHT="41" WIDTH="44" VPOS="1877" HPOS="896"/><SP WIDTH="9" VPOS="1888" HPOS="941"/><String CONTENT="r" HEIGHT="21" WIDTH="16" VPOS="1888" HPOS="951"/><SP WIDTH="10" VPOS="1879" HPOS="968"/><String CONTENT="in" HEIGHT="30" WIDTH="32" VPOS="1879" HPOS="979"/><SP WIDTH="14" VPOS="1889" HPOS="1012"/><String CONTENT="accordance" HEIGHT="32" WIDTH="192" VPOS="1877" HPOS="1027"/><SP WIDTH="12" VPOS="1889" HPOS="1220"/><String CONTENT="with" HEIGHT="32" WIDTH="82" VPOS="1877" HPOS="1233"/><SP WIDTH="11" VPOS="1877" HPOS="1316"/><String CONTENT="the" HEIGHT="32" WIDTH="55" VPOS="1877" HPOS="1328"/><SP WIDTH="12" VPOS="1888" HPOS="1384"/><String CONTENT="principle" HEIGHT="41" WIDTH="156" VPOS="1877" HPOS="1397"/></TextLine>
<TextLine BASELINE="1954" HEIGHT="41" WIDTH="1159" VPOS="1923" HPOS="394"><String CONTENT="in" HEIGHT="30" WIDTH="33" VPOS="1924" HPOS="394"/><SP WIDTH="17" VPOS="1924" HPOS="428"/><String CONTENT="§" HEIGHT="40" WIDTH="14" VPOS="1924" HPOS="446"/><SP WIDTH="11" VPOS="1924" HPOS="461"/><String CONTENT="27" HEIGHT="31" WIDTH="38" VPOS="1924" HPOS="473"/><SP WIDTH="12" VPOS="1924" HPOS="512"/><String CONTENT="(a)," HEIGHT="40" WIDTH="54" VPOS="1924" HPOS="525"/><SP WIDTH="35" VPOS="1934" HPOS="580"/><String CONTENT="r-coloured" HEIGHT="31" WIDTH="178" VPOS="1924" HPOS="616"/><SP WIDTH="17" VPOS="1924" HPOS="795"/><String CONTENT="a" HEIGHT="20" WIDTH="17" VPOS="1934" HPOS="813"/><SP WIDTH="17" VPOS="1934" HPOS="831"/><String CONTENT="may" HEIGHT="30" WIDTH="76" VPOS="1934" HPOS="849"/><SP WIDTH="16" VPOS="1923" HPOS="926"/><String CONTENT="be" HEIGHT="31" WIDTH="38" VPOS="1923" HPOS="943"/><SP WIDTH="17" VPOS="1935" HPOS="982"/><String CONTENT="rendered" HEIGHT="30" WIDTH="153" VPOS="1924" HPOS="1000"/><SP WIDTH="16" VPOS="1923" HPOS="1154"/><String CONTENT="by" HEIGHT="41" WIDTH="45" VPOS="1923" HPOS="1171"/><SP WIDTH="17" VPOS="1934" HPOS="1217"/><String CONTENT="ar" HEIGHT="20" WIDTH="34" VPOS="1934" HPOS="1235"/><SP WIDTH="16" VPOS="1935" HPOS="1270"/><String CONTENT="or" HEIGHT="20" WIDTH="35" VPOS="1934" HPOS="1287"/><SP WIDTH="16" VPOS="1934" HPOS="1323"/><String CONTENT="simply" HEIGHT="41" WIDTH="116" VPOS="1923" HPOS="1340"/><SP WIDTH="16" VPOS="1923" HPOS="1457"/><String CONTENT="by" HEIGHT="41" WIDTH="45" VPOS="1923" HPOS="1474"/><SP WIDTH="17" VPOS="1933" HPOS="1520"/><String CONTENT="i" HEIGHT="20" WIDTH="15" VPOS="1933" HPOS="1538"/></TextLine>
<TextLine BASELINE="2000" HEIGHT="42" WIDTH="1156" VPOS="1969" HPOS="397"><String CONTENT="(or" HEIGHT="38" WIDTH="45" VPOS="1970" HPOS="397"/><SP WIDTH="10" VPOS="1979" HPOS="443"/><String CONTENT="when" HEIGHT="31" WIDTH="93" VPOS="1969" HPOS="454"/><SP WIDTH="11" VPOS="1981" HPOS="548"/><String CONTENT="convenient" HEIGHT="31" WIDTH="191" VPOS="1970" HPOS="560"/><SP WIDTH="11" VPOS="1973" HPOS="752"/><String CONTENT="ar" HEIGHT="22" WIDTH="33" VPOS="1979" HPOS="764"/><SP WIDTH="12" VPOS="1979" HPOS="798"/><String CONTENT="or" HEIGHT="20" WIDTH="34" VPOS="1981" HPOS="811"/><SP WIDTH="10" VPOS="1979" HPOS="846"/><String CONTENT="r)." HEIGHT="37" WIDTH="40" VPOS="1971" HPOS="857"/><SP WIDTH="26" VPOS="1970" HPOS="898"/><String CONTENT="For" HEIGHT="31" WIDTH="61" VPOS="1970" HPOS="925"/><SP WIDTH="10" VPOS="1981" HPOS="987"/><String CONTENT="another" HEIGHT="31" WIDTH="135" VPOS="1970" HPOS="998"/><SP WIDTH="10" VPOS="1981" HPOS="1134"/><String CONTENT="method" HEIGHT="32" WIDTH="134" VPOS="1969" HPOS="1145"/><SP WIDTH="10" VPOS="1970" HPOS="1280"/><String CONTENT="of" HEIGHT="32" WIDTH="36" VPOS="1969" HPOS="1291"/><SP WIDTH="6" VPOS="1969" HPOS="1328"/><String CONTENT="representing" HEIGHT="42" WIDTH="218" VPOS="1969" HPOS="1335"/></TextLine>
<TextLine BASELINE="2047" HEIGHT="42" WIDTH="504" VPOS="2014" HPOS="393"><String CONTENT="these" HEIGHT="33" WIDTH="89" VPOS="2014" HPOS="393"/><SP WIDTH="15" VPOS="2026" HPOS="483"/><String CONTENT="sounds" HEIGHT="33" WIDTH="117" VPOS="2014" HPOS="499"/><SP WIDTH="14" VPOS="2026" HPOS="617"/><String CONTENT="see" HEIGHT="21" WIDTH="50" VPOS="2026" HPOS="632"/><SP WIDTH="14" VPOS="2026" HPOS="683"/><String CONTENT="end" HEIGHT="32" WIDTH="61" VPOS="2015" HPOS="698"/><SP WIDTH="14" VPOS="2015" HPOS="760"/><String CONTENT="of" HEIGHT="32" WIDTH="34" VPOS="2015" HPOS="775"/><SP WIDTH="12" VPOS="2015" HPOS="810"/><String CONTENT="§" HEIGHT="39" WIDTH="14" VPOS="2017" HPOS="823"/><SP WIDTH="11" VPOS="2017" HPOS="838"/><String CONTENT="28." HEIGHT="30" WIDTH="47" VPOS="2017" HPOS="850"/></TextLine>
<TextLine BASELINE="2100" HEIGHT="42" WIDTH="1117" VPOS="2068" HPOS="434"><String CONTENT="(g)" HEIGHT="38" WIDTH="43" VPOS="2071" HPOS="434"/><SP WIDTH="21" VPOS="2069" HPOS="478"/><String CONTENT="To" HEIGHT="32" WIDTH="44" VPOS="2069" HPOS="500"/><SP WIDTH="17" VPOS="2079" HPOS="545"/><String CONTENT="represent" HEIGHT="37" WIDTH="161" VPOS="2073" HPOS="563"/><SP WIDTH="17" VPOS="2073" HPOS="725"/><String CONTENT="various" HEIGHT="30" WIDTH="129" VPOS="2071" HPOS="743"/><SP WIDTH="17" VPOS="2080" HPOS="873"/><String CONTENT="consonants" HEIGHT="28" WIDTH="192" VPOS="2073" HPOS="891"/><SP WIDTH="17" VPOS="2080" HPOS="1084"/><String CONTENT="with" HEIGHT="32" WIDTH="82" VPOS="2069" HPOS="1102"/><SP WIDTH="16" VPOS="2069" HPOS="1185"/><String CONTENT="double" HEIGHT="33" WIDTH="115" VPOS="2068" HPOS="1202"/><SP WIDTH="17" VPOS="2079" HPOS="1318"/><String CONTENT="articulation," HEIGHT="37" WIDTH="215" VPOS="2068" HPOS="1336"/></TextLine>
<TextLine BASELINE="2146" HEIGHT="42" WIDTH="1160" VPOS="2114" HPOS="393"><String CONTENT="such" HEIGHT="31" WIDTH="78" VPOS="2115" HPOS="393"/><SP WIDTH="18" VPOS="2115" HPOS="472"/><String CONTENT="as" HEIGHT="20" WIDTH="35" VPOS="2126" HPOS="491"/><SP WIDTH="19" VPOS="2119" HPOS="527"/><String CONTENT="the" HEIGHT="31" WIDTH="55" VPOS="2115" HPOS="547"/><SP WIDTH="19" VPOS="2115" HPOS="603"/><String CONTENT="labio-velars" HEIGHT="32" WIDTH="203" VPOS="2114" HPOS="623"/><SP WIDTH="20" VPOS="2126" HPOS="827"/><String CONTENT="of" HEIGHT="31" WIDTH="35" VPOS="2115" HPOS="848"/><SP WIDTH="14" VPOS="2114" HPOS="884"/><String CONTENT="&quot;West" HEIGHT="32" WIDTH="92" VPOS="2114" HPOS="899"/><SP WIDTH="18" VPOS="2115" HPOS="992"/><String CONTENT="Africa" HEIGHT="31" WIDTH="109" VPOS="2115" HPOS="1011"/><SP WIDTH="20" VPOS="2126" HPOS="1121"/><String CONTENT="which" HEIGHT="32" WIDTH="104" VPOS="2114" HPOS="1142"/><SP WIDTH="19" VPOS="2115" HPOS="1247"/><String CONTENT="may" HEIGHT="30" WIDTH="76" VPOS="2126" HPOS="1267"/><SP WIDTH="18" VPOS="2114" HPOS="1344"/><String CONTENT="be" HEIGHT="32" WIDTH="39" VPOS="2114" HPOS="1363"/><SP WIDTH="19" VPOS="2126" HPOS="1403"/><String CONTENT="written" HEIGHT="31" WIDTH="130" VPOS="2114" HPOS="1423"/></TextLine>
<TextLine BASELINE="2191" HEIGHT="39" WIDTH="192" VPOS="2162" HPOS="393"><String CONTENT="kp," HEIGHT="36" WIDTH="50" VPOS="2162" HPOS="393"/><SP WIDTH="18" VPOS="2171" HPOS="444"/><String CONTENT="gb," HEIGHT="39" WIDTH="46" VPOS="2162" HPOS="463"/><SP WIDTH="16" VPOS="2171" HPOS="510"/><String CONTENT="ijm." HEIGHT="30" WIDTH="58" VPOS="2171" HPOS="527"/></TextLine>
<TextLine BASELINE="2243" HEIGHT="41" WIDTH="1115" VPOS="2212" HPOS="437"><String CONTENT="(h)" HEIGHT="41" WIDTH="44" VPOS="2212" HPOS="437"/><SP WIDTH="20" VPOS="2213" HPOS="482"/><String CONTENT="To" HEIGHT="30" WIDTH="46" VPOS="2213" HPOS="503"/><SP WIDTH="11" VPOS="2223" HPOS="550"/><String CONTENT="represent" HEIGHT="36" WIDTH="161" VPOS="2217" HPOS="562"/><SP WIDTH="14" VPOS="2217" HPOS="724"/><String CONTENT="consonants" HEIGHT="26" WIDTH="190" VPOS="2217" HPOS="739"/><SP WIDTH="14" VPOS="2224" HPOS="930"/><String CONTENT="with" HEIGHT="30" WIDTH="78" VPOS="2213" HPOS="945"/><SP WIDTH="12" VPOS="2213" HPOS="1024"/><String CONTENT="simultaneous" HEIGHT="30" WIDTH="231" VPOS="2213" HPOS="1037"/><SP WIDTH="12" VPOS="2223" HPOS="1269"/><String CONTENT="w" HEIGHT="20" WIDTH="28" VPOS="2223" HPOS="1282"/><SP WIDTH="13" VPOS="2223" HPOS="1311"/><String CONTENT="articulation" HEIGHT="31" WIDTH="206" VPOS="2212" HPOS="1325"/><SP WIDTH="13" VPOS="2222" HPOS="1532"/><String CONTENT=";" HEIGHT="26" WIDTH="6" VPOS="2222" HPOS="1546"/></TextLine>
<TextLine BASELINE="2289" HEIGHT="44" WIDTH="1158" VPOS="2256" HPOS="395"><String CONTENT="these" HEIGHT="32" WIDTH="88" VPOS="2258" HPOS="395"/><SP WIDTH="9" VPOS="2270" HPOS="484"/><String CONTENT="may" HEIGHT="30" WIDTH="75" VPOS="2270" HPOS="494"/><SP WIDTH="8" VPOS="2258" HPOS="570"/><String CONTENT="he" HEIGHT="32" WIDTH="40" VPOS="2258" HPOS="579"/><SP WIDTH="7" VPOS="2270" HPOS="620"/><String CONTENT="represented" HEIGHT="41" WIDTH="202" VPOS="2259" HPOS="628"/><SP WIDTH="7" VPOS="2259" HPOS="831"/><String CONTENT="by" HEIGHT="41" WIDTH="45" VPOS="2259" HPOS="839"/><SP WIDTH="6" VPOS="2260" HPOS="885"/><String CONTENT="kw," HEIGHT="35" WIDTH="63" VPOS="2260" HPOS="892"/><SP WIDTH="8" VPOS="2262" HPOS="956"/><String CONTENT="tw," HEIGHT="33" WIDTH="54" VPOS="2262" HPOS="965"/><SP WIDTH="16" VPOS="2270" HPOS="1020"/><String CONTENT="i)" HEIGHT="30" WIDTH="17" VPOS="2270" HPOS="1037"/><SP WIDTH="3" VPOS="2270" HPOS="1055"/><String CONTENT="w," HEIGHT="25" WIDTH="38" VPOS="2270" HPOS="1059"/><SP WIDTH="10" VPOS="2270" HPOS="1098"/><String CONTENT="etc." HEIGHT="28" WIDTH="60" VPOS="2262" HPOS="1109"/><SP WIDTH="28" VPOS="2261" HPOS="1170"/><String CONTENT="Jw" HEIGHT="37" WIDTH="46" VPOS="2261" HPOS="1199"/><SP WIDTH="9" VPOS="2270" HPOS="1246"/><String CONTENT="would" HEIGHT="31" WIDTH="104" VPOS="2258" HPOS="1256"/><SP WIDTH="8" VPOS="2258" HPOS="1361"/><String CONTENT="be" HEIGHT="31" WIDTH="38" VPOS="2258" HPOS="1370"/><SP WIDTH="9" VPOS="2270" HPOS="1409"/><String CONTENT="another" HEIGHT="32" WIDTH="134" VPOS="2256" HPOS="1419"/></TextLine>
<TextLine BASELINE="2335" HEIGHT="43" WIDTH="1156" VPOS="2302" HPOS="395"><String CONTENT="way" HEIGHT="30" WIDTH="72" VPOS="2315" HPOS="395"/><SP WIDTH="15" VPOS="2315" HPOS="468"/><String CONTENT="of" HEIGHT="32" WIDTH="36" VPOS="2304" HPOS="484"/><SP WIDTH="10" VPOS="2304" HPOS="521"/><String CONTENT="writing" HEIGHT="41" WIDTH="129" VPOS="2304" HPOS="532"/><SP WIDTH="13" VPOS="2303" HPOS="662"/><String CONTENT="\" HEIGHT="41" WIDTH="21" VPOS="2303" HPOS="676"/><SP WIDTH="16" VPOS="2303" HPOS="698"/><String CONTENT="(§" HEIGHT="38" WIDTH="26" VPOS="2306" HPOS="715"/><SP WIDTH="11" VPOS="2306" HPOS="742"/><String CONTENT="28)." HEIGHT="38" WIDTH="61" VPOS="2306" HPOS="754"/><SP WIDTH="42" VPOS="2306" HPOS="816"/><String CONTENT="kw," HEIGHT="34" WIDTH="62" VPOS="2306" HPOS="859"/><SP WIDTH="16" VPOS="2308" HPOS="922"/><String CONTENT="tw," HEIGHT="31" WIDTH="54" VPOS="2308" HPOS="939"/><SP WIDTH="17" VPOS="2315" HPOS="994"/><String CONTENT="etc.," HEIGHT="35" WIDTH="72" VPOS="2308" HPOS="1012"/><SP WIDTH="16" VPOS="2315" HPOS="1085"/><String CONTENT="may" HEIGHT="30" WIDTH="77" VPOS="2315" HPOS="1102"/><SP WIDTH="15" VPOS="2315" HPOS="1180"/><String CONTENT="also" HEIGHT="32" WIDTH="65" VPOS="2304" HPOS="1196"/><SP WIDTH="14" VPOS="2302" HPOS="1262"/><String CONTENT="be" HEIGHT="34" WIDTH="40" VPOS="2302" HPOS="1277"/><SP WIDTH="15" VPOS="2315" HPOS="1318"/><String CONTENT="written" HEIGHT="30" WIDTH="128" VPOS="2304" HPOS="1334"/><SP WIDTH="15" VPOS="2304" HPOS="1463"/><String CONTENT="k," HEIGHT="35" WIDTH="30" VPOS="2304" HPOS="1479"/><SP WIDTH="16" VPOS="2307" HPOS="1510"/><String CONTENT="t," HEIGHT="32" WIDTH="24" VPOS="2307" HPOS="1527"/></TextLine>
<TextLine BASELINE="2381" HEIGHT="40" WIDTH="179" VPOS="2351" HPOS="395"><String CONTENT="etc." HEIGHT="26" WIDTH="62" VPOS="2355" HPOS="395"/><SP WIDTH="16" VPOS="2351" HPOS="458"/><String CONTENT="(§" HEIGHT="40" WIDTH="26" VPOS="2351" HPOS="475"/><SP WIDTH="11" VPOS="2351" HPOS="502"/><String CONTENT="30)." HEIGHT="39" WIDTH="60" VPOS="2351" HPOS="514"/></TextLine>
</TextBlock>
<TextBlock ID="Page1_Block3" HEIGHT="37" WIDTH="1432" VPOS="2826" HPOS="67" language="en-US" STYLEREFS="StyleId-8EA86FC5-0AFA-4A82-8278-17B14CB6519A-">
<TextLine BASELINE="2851" HEIGHT="25" WIDTH="1420" VPOS="2832" HPOS="73"><String CONTENT="Downloaded" HEIGHT="19" WIDTH="145" VPOS="2832" HPOS="73"/><SP WIDTH="7" VPOS="2832" HPOS="219"/><String CONTENT="from" HEIGHT="19" WIDTH="55" VPOS="2832" HPOS="227"/><SP WIDTH="9" VPOS="2832" HPOS="283"/><String CONTENT="https://www.cambridge.org/core." HEIGHT="25" WIDTH="389" VPOS="2832" HPOS="293"/><SP WIDTH="8" VPOS="2833" HPOS="683"/><String CONTENT="30" HEIGHT="18" WIDTH="26" VPOS="2833" HPOS="692"/><SP WIDTH="4" VPOS="2833" HPOS="719"/><String CONTENT="Jun" HEIGHT="23" WIDTH="37" VPOS="2833" HPOS="724"/><SP WIDTH="8" VPOS="2833" HPOS="762"/><String CONTENT="2021" HEIGHT="18" WIDTH="51" VPOS="2833" HPOS="771"/><SP WIDTH="11" VPOS="2833" HPOS="823"/><String CONTENT="at" HEIGHT="16" WIDTH="21" VPOS="2835" HPOS="835"/><SP WIDTH="7" VPOS="2833" HPOS="857"/><String CONTENT="16:11:33," HEIGHT="21" WIDTH="102" VPOS="2833" HPOS="865"/><SP WIDTH="8" VPOS="2838" HPOS="968"/><String CONTENT="subject" HEIGHT="25" WIDTH="82" VPOS="2832" HPOS="977"/><SP WIDTH="5" VPOS="2835" HPOS="1060"/><String CONTENT="to" HEIGHT="16" WIDTH="23" VPOS="2835" HPOS="1066"/><SP WIDTH="6" VPOS="2835" HPOS="1090"/><String CONTENT="the" HEIGHT="19" WIDTH="38" VPOS="2832" HPOS="1097"/><SP WIDTH="7" VPOS="2833" HPOS="1136"/><String CONTENT="Cambridge" HEIGHT="25" WIDTH="127" VPOS="2832" HPOS="1144"/><SP WIDTH="8" VPOS="2833" HPOS="1272"/><String CONTENT="Core" HEIGHT="18" WIDTH="52" VPOS="2833" HPOS="1281"/><SP WIDTH="6" VPOS="2835" HPOS="1334"/><String CONTENT="terms" HEIGHT="16" WIDTH="68" VPOS="2835" HPOS="1341"/><SP WIDTH="6" VPOS="2838" HPOS="1410"/><String CONTENT="of" HEIGHT="19" WIDTH="24" VPOS="2832" HPOS="1417"/><SP WIDTH="5" VPOS="2832" HPOS="1442"/><String CONTENT="use." HEIGHT="13" WIDTH="45" VPOS="2838" HPOS="1448"/></TextLine>
</TextBlock>
</PrintSpace>
</Page>
</Layout>
</alto>