2074 2931
252 109 41 25 318
339 106 73 27 Journal
425 105 18 28 of
453 105 30 27 the
496 104 126 28 International
636 104 87 27 Phonetic
735 103 123 28 Association:
871 102 34 28 The
919 101 125 28 International
1058 101 87 27 Phonetic
1159 100 88 34 Alphabet

397 297 38 30 18
780 303 65 22 THE
867 302 194 24 PRINCIPLES
1084 302 41 22 OF
1147 303 66 20 THE

516 388 177 29 consonant
710 385 27 31 is
755 396 80 31 very
852 385 90 32 short
961 385 63 31 and
1043 385 73 31 that
1134 384 56 31 the
1208 384 150 32 intimate
1377 385 218 32 combination

516 430 81 33 with
610 430 56 33 the
681 430 162 42 following
856 432 121 41 plosive
993 435 114 27 counts
1122 441 34 20 as
1172 441 19 20 a
1205 430 100 41 single
1320 430 112 32 sound.

448 507 5 14 t
477 477 101 32 under
591 488 18 20 a
622 473 96 35 letter
730 488 109 20 means
852 476 74 33 that
939 477 54 32 the
1007 476 102 32 sound
1122 475 26 33 is
1161 475 143 42 syllabic,
1318 488 58 30 e.g.
1392 488 32 20 n.

444 524 4 14 '
477 524 156 31 indicates
646 523 74 31 that
733 523 56 31 the
803 523 161 42 following
977 522 133 42 syllable
1125 521 57 31 has
1196 526 111 37 strong
1319 526 107 35 stress,
1442 533 57 30 e.g.
1515 524 81 41 Eng.

520 569 120 32 'inkriis
660 570 123 39 (noun),
802 570 121 30 in'kriis
944 569 111 41 (verb).

477 615 157 31 indicates
655 614 74 32 that
750 614 55 32 the
828 615 161 40 following
1011 613 132 42 syllable
1165 613 58 32 has
1246 614 141 31 medium
1409 618 106 35 stress,
1539 626 58 30 e.g.

522 660 213 42 'kambi'neijn
755 661 239 40 (combination),
1012 659 240 43 ken^ida'reijn
1272 659 257 42 (consideration).

935 752 127 31 TONES

438 815 50 30 32.
533 813 44 31 To
595 813 142 31 indicate
757 812 19 13 “
788 818 93 26 tones
894 812 19 13 ”
935 813 101 40 (voice
1054 811 138 42 pitches)
1210 812 33 32 in
1261 815 76 28 tone
1355 812 171 43 languages
1544 813 56 31 the

399 858 196 33 Association
614 858 187 43 Phonetique
818 859 243 31 Internationale
1077 857 219 32 recommends
1315 857 55 32 the
1389 869 56 21 use
1464 860 36 30 of
1515 860 86 40 signs

399 905 114 38 which,
531 904 45 42 by
591 904 86 32 their
693 904 113 42 shapes
824 906 64 30 and
903 905 167 41 positions,
1085 905 70 39 give
1173 914 86 21 some
1275 904 177 32 indication
1470 905 36 30 of
1518 905 85 31 their

399 951 134 32 musical
548 951 119 31 values.
701 950 84 31 Such
799 950 193 31 indications
1009 961 59 20 can
1083 949 128 41 usually
1225 948 40 32 be
1280 949 136 33 effected
1431 950 46 42 by
1491 962 111 20 means

399 997 36 30 of
446 996 180 32 horizontal
640 997 64 30 and
719 995 129 42 oblique
863 1000 137 34 accents,
1015 996 77 31 thus
1106 1007 7 20 :

766 1051 78 40 high
858 1051 81 31 level
952 1054 76 28 tone
1218 1060 18 20 a

768 1102 61 31 low
842 1102 81 33 level
937 1106 75 29 tone
1218 1112 19 20 a

766 1155 77 41 high
856 1155 100 41 rising
970 1159 75 27 tone
1218 1164 19 20 a

766 1208 61 31 low
839 1208 100 41 rising
952 1211 76 28 tone
1219 1217 18 20 a

767 1259 77 41 high
857 1259 113 41 falling
983 1263 76 28 tone
1219 1268 19 21 a

767 1313 60 30 low
840 1312 113 41 falling
965 1316 77 28 tone
1217 1321 19 20 a

766 1364 224 41 rising-falling
1004 1368 75 27 tone
1220 1374 18 19 a

767 1415 224 42 falling-rising
1005 1422 75 26 tone
1220 1429 18 20 a

405 1477 64 30 The
490 1480 128 28 accents
639 1487 76 30 may
734 1476 39 31 be
792 1476 113 42 placed
924 1477 105 31 either
1048 1487 77 21 over
1143 1479 64 30 and
1227 1478 102 32 under
1348 1478 55 31 the
1423 1478 128 39 vowels,
1572 1489 34 21 as

405 1521 111 39 above,
541 1534 35 19 or
599 1525 35 28 at
657 1522 55 31 the
736 1522 188 42 beginnings
947 1523 36 30 of
1002 1522 160 41 syllables,
1186 1525 76 31 thus
1285 1535 65 26 ~pa,
1387 1535 50 26 pa,
1458 1524 60 38 'pa,
1543 1528 62 27 etc.

406 1568 64 31 The
484 1568 97 32 latter
593 1567 133 33 method
738 1569 28 30 is
779 1569 161 40 generally
952 1572 34 28 to
1000 1568 38 31 be
1052 1569 160 41 preferred
1225 1572 34 30 in
1272 1569 214 43 transcribing
1498 1581 95 20 mono­

406 1614 134 42 syllabic
558 1614 180 41 languages.

446 1662 50 30 33.
540 1658 102 33 When
656 1670 20 20 a
690 1660 154 41 language
859 1660 145 31 contains
1019 1660 77 41 only
1110 1671 59 21 one
1182 1662 100 41 rising
1295 1665 85 34 tone,
1396 1661 76 42 high
1487 1673 35 19 or
1536 1662 70 36 low,

407 1706 26 31 it
444 1706 26 30 is
482 1705 243 32 recommended
737 1705 73 32 that
822 1706 55 31 the
889 1706 220 41 superscript'
1118 1706 39 32 be
1170 1707 168 42 employed
1350 1711 34 28 to
1396 1711 162 37 represent
1568 1708 38 30 it.

407 1751 170 42 Similarly,
590 1751 94 31 when
697 1762 18 20 a
728 1751 155 41 language
896 1751 146 32 contains
1056 1753 75 40 only
1144 1764 59 20 one
1215 1753 113 41 falling
1339 1757 86 33 tone,
1439 1753 27 31 it
1478 1764 78 30 may
1567 1753 40 30 be

406 1798 203 40 represented
626 1796 79 42 by'.

447 1844 50 30 34.
541 1843 67 31 Mid
623 1842 81 31 level
719 1846 91 27 tones
826 1854 59 20 can
900 1844 161 40 generally
1075 1843 38 32 be
1129 1844 59 31 left
1202 1844 186 31 unmarked.

449 1890 48 30 35.
542 1887 222 41 Occasionally
794 1888 29 32 it
855 1900 77 30 may
965 1888 39 31 be
1038 1889 99 31 found
1172 1889 166 39 desirable,
1373 1891 170 41 especially
1575 1891 34 30 in

409 1934 19 12 “
441 1945 125 20 narrow
579 1933 19 13 ”
612 1938 75 26 tone
702 1933 156 42 marking,
872 1938 35 27 to
920 1935 166 31 introduce
1097 1935 92 31 other
1201 1936 108 31 marks
1322 1936 77 32 such
1412 1947 34 20 as
1459 1962 26 15 j;
1542 1940 26 34 ”,

409 1980 61 31 For
486 1981 154 37 instance,
656 1980 29 31 if
697 1980 33 30 in
746 1991 19 19 a
782 1980 154 41 language
952 1980 185 42 containing
1153 1982 189 41 high-rising
1358 1982 64 30 and
1438 1982 172 41 low-rising

408 2030 144 28 tonemes
564 2025 56 32 the
633 2029 91 28 tones
738 2036 52 21 are
804 2026 125 41 subject
942 2030 34 27 to
988 2026 135 42 raisings
1136 2027 64 32 and
1213 2027 164 41 lowerings
1389 2028 34 31 in
1435 2028 174 40 particular

409 2075 159 34 contexts,
585 2072 28 30 it
628 2082 78 30 may
721 2070 39 32 be
776 2082 168 31 necessary
959 2075 34 28 to
1010 2082 56 21 use
1083 2084 18 19 a
1118 2073 153 41 specially
1287 2073 120 41 shaped
1423 2073 92 32 mark
1532 2074 78 31 such

409 2128 34 20 as
464 2144 13 13 j
499 2120 34 28 to
553 2117 116 31 denote
688 2117 55 31 the
763 2117 174 41 low-rising
954 2122 128 26 toneme
1097 2129 5 20 :
1127 2119 14 13 J
1143 2128 41 28 pa
1203 2119 103 40 might
1324 2119 76 31 thus
1419 2119 116 32 denote
1553 2119 57 31 the

409 2162 132 41 syllable
557 2173 41 28 pa
614 2163 203 41 pronounced
833 2164 80 30 with
929 2175 18 19 a
963 2164 103 30 raised
1083 2164 126 42 variety
1225 2165 36 32 of
1273 2164 73 32 that
1361 2168 138 35 toneme,
1516 2165 96 41 being

407 2209 77 31 thus
501 2208 235 42 distinguished
750 2209 34 31 in
800 2209 229 41 transcription
1040 2210 84 31 from
1139 2210 64 38 'pa,
1220 2211 55 31 the
1291 2222 86 19 same
1394 2210 132 42 syllable
1541 2210 70 33 said

410 2254 79 31 with
500 2254 55 31 the
567 2265 146 21 common
725 2255 93 31 value
831 2255 35 30 of
874 2255 54 30 the
940 2254 190 42 high-rising
1144 2260 137 28 toneme.
1304 2260 15 10 “
1331 2257 65 30 and
1406 2253 13 10 v
1431 2257 181 41 (preceding

410 2300 55 32 the
494 2300 146 41 syllable)
669 2300 81 31 have
779 2300 79 31 been
886 2301 169 40 suggested
1082 2302 50 30 for
1158 2302 56 31 the
1241 2306 65 27 two
1332 2302 100 41 rising
1458 2306 93 28 tones
1578 2303 36 31 of

409 2345 190 39 Annamese,
617 2349 15 10 “
644 2346 157 41 implying
811 2346 56 31 the
879 2357 55 20 use
946 2346 36 31 of
990 2345 138 43 breathy
1139 2348 89 31 voice
1241 2348 65 31 and
1316 2344 13 10 v
1341 2347 116 42 creaky
1468 2349 101 31 voice.

92 2844 145 20 Downloaded
246 2844 55 19 from
312 2842 389 27 https://www.cambridge.org/core.
711 2842 26 18 30
743 2842 37 23 Jun
790 2841 51 19 2021
854 2843 21 16 at
884 2840 102 21 16:11:33,
996 2839 82 25 subject
1085 2842 23 16 to
1116 2838 38 19 the
1163 2838 97 19 Cambrid
1263 2843 12 20 g
1278 2843 12 13 e
1300 2838 52 18 Core
1360 2840 68 16 terms
1436 2836 24 19 of
1467 2842 39 13 use
1509 2852 3 3 .
