2055 2917
251 97 41 25 314
338 94 74 28 Journal
424 94 19 28 of
452 94 31 28 the
495 94 127 28 International
635 94 88 28 Phonetic
734 94 124 28 Association:
870 94 35 28 The
918 94 126 28 International
1057 94 88 28 Phonetic
1157 94 90 34 Alphabet

405 290 38 31 14
663 297 4 2 '
785 297 64 23 THE
871 297 196 24 PRINCIPLES
1088 299 42 21 OE
1152 299 66 21 THE

444 380 87 31 these
559 391 94 20 occur
680 391 34 20 as
741 380 173 41 phonemes
937 385 145 37 separate
1106 380 84 31 from
1212 380 271 41 non-palatalised
1503 382 24 39 /,
1549 382 31 39 g)
1597 393 5 21 :

483 471 176 31 Advanced
673 471 88 31 velar
775 476 202 34 consonants,
993 483 35 19 as
1043 472 33 30 in
1091 472 140 30 Russian
1250 482 6 20 :
1280 472 30 39 1$,
1328 482 28 29 x,.
1391 471 112 39 When,
1520 483 34 19 as
1569 474 34 31 in

524 528 124 20 narrow
663 517 230 41 transcription
909 518 36 31 of
959 518 147 37 Russian,
1124 522 145 37 separate
1286 518 111 31 letters
1413 528 53 21 are
1482 518 121 32 needed

524 567 35 28 to
572 562 115 33 denote
701 562 151 42 ordinary
864 574 15 29 g
894 564 63 31 and
971 564 163 31 advanced
1148 574 27 30 g,
1193 565 26 30 it
1233 565 28 30 is
1273 564 242 31 recommended
1529 564 73 32 that

524 609 55 31 the
593 609 82 31 form
689 619 20 27 g
721 609 40 31 be
774 609 78 31 used
865 609 49 31 for
926 609 54 31 the
995 609 151 41 ordinary
1158 609 102 31 sound
1274 609 63 31 and
1353 609 56 31 the
1425 609 83 31 form
1521 620 16 30 g
1555 610 47 39 (or

507 688 2 2 .
524 655 183 41 preferably
722 656 30 40 g)
767 655 49 31 for
830 655 55 31 the
900 655 164 31 advanced
1079 666 69 21 one.
1187 655 79 41 (See,
1281 655 155 38 however,
1453 656 14 40 §
1483 656 37 30 29
1537 656 62 41 (i).)

483 700 165 32 Velarized
667 700 32 41 (“
713 700 79 32 dark
806 700 33 40 ”)
857 703 12 27 1
887 712 6 20 :
911 703 26 29 4.

486 746 99 31 Other
597 746 156 31 velarized
767 751 192 26 consonants
974 757 6 20 :
1008 752 24 30 t,
1047 748 29 34 fT,
1089 757 29 25 -a,
1129 757 28 25 a,
1172 751 59 27 etc.
1260 747 98 30 These
1371 746 141 42 symbols
1525 758 76 31 may

523 793 67 31 also
621 792 39 32 be
691 792 79 32 used
800 796 35 28 to
867 792 116 32 denote
1014 793 55 31 the
1100 793 249 41 pharyngalised
1380 793 119 31 sounds
1532 793 67 39 (the

523 838 118 32 Arabic
665 838 19 12 “
697 838 162 41 emphatic
872 837 19 13 ”
915 840 214 38 consonants).

483 884 146 41 Ejective
657 888 191 27 consonants
878 884 129 40 (sounds
1034 884 204 42 pronounced
1266 884 78 31 with
1370 884 231 31 simultaneous

524 940 36 21 or
584 930 112 40 nearly
719 930 230 31 simultaneous
974 930 115 41 glottal
1115 931 108 40 stop):
1260 932 39 36 p’,
1327 931 36 37 t’,
1395 931 40 34 k’,
1461 932 51 33 ts’,
1539 934 59 28 etc.

524 975 57 31 See
597 975 66 31 also
680 976 15 40 §
708 976 47 30 30.

483 1021 118 32 Voiced
615 1022 192 41 implosives,
825 1031 34 21 as
873 1022 33 30 in
923 1021 112 32 Sindhi
1050 1022 63 31 and
1128 1021 109 32 Bantu
1253 1022 178 41 languages,
1448 1022 25 36 6,
1485 1023 32 35 cf,
1539 1025 60 28 etc.

483 1066 183 33 Labialized
680 1070 23 33 A,
716 1069 17 30 8
752 1078 35 19 or
803 1077 21 26 s,
842 1077 15 19 z
872 1078 6 19 :
894 1079 26 24 a,
938 1079 16 24 g
972 1069 26 39 (§
1021 1078 25 28 z,
1069 1069 36 30 of
1116 1067 55 32 the
1187 1066 218 42 orthography
1424 1067 49 32 for
1496 1066 105 33 Shona

522 1113 242 31 recommended
793 1113 44 41 by
869 1113 159 31 Professor
1059 1113 116 40 Doke).
1233 1113 68 31 One
1328 1124 85 30 may,
1443 1113 156 38 however,

522 1163 162 36 represent
697 1159 89 31 these
799 1159 118 31 sounds
930 1159 44 40 by
986 1159 151 40 digraphs
1152 1159 77 31 such
1243 1169 34 21 as
1291 1161 36 34 sf,
1345 1169 36 20 zv
1395 1169 35 21 or
1443 1169 45 29 sq,
1506 1169 47 29 zip
1567 1160 34 30 in

522 1204 192 31 accordance
746 1204 81 31 with
858 1204 55 31 the
945 1205 171 41 principles
1148 1204 192 31 enunciated
1371 1205 33 30 in
1437 1205 15 40 §
1465 1205 38 30 29
1538 1205 61 40 (see

522 1250 209 41 particularly
745 1252 14 39 §
773 1252 38 30 29
827 1250 66 42 (j)).

482 1295 213 42 Labialized/,
713 1306 16 30 g
743 1307 34 20 or
791 1307 24 27 g,
833 1298 34 36 j:
881 1295 28 41 1,
929 1306 16 30 ?
961 1298 46 38 (as
1022 1295 47 33 liw
1085 1297 63 31 and
1160 1307 28 21 w
1199 1295 106 33 before
1317 1295 22 39 i,
1353 1307 26 27 e,
1392 1307 15 20 e
1418 1297 34 31 iu
1463 1295 56 33 the
1532 1295 67 33 Twi

522 1342 153 41 language
691 1343 36 30 of
738 1342 55 31 the
810 1342 81 31 Gold
907 1342 116 40 Coast).
1056 1342 66 37 See,
1139 1342 156 37 however,
1311 1343 15 40 §
1339 1343 38 30 29
1394 1342 54 41 (h).

482 1388 108 30 Sound
608 1388 223 31 intermediate
851 1388 142 31 between
1013 1389 19 29 d
1052 1388 64 31 and
1134 1389 19 35 1,
1175 1388 60 31 but
1253 1388 135 31 distinct
1406 1388 83 31 from
1514 1388 17 42 |
1550 1399 5 20 :
1573 1389 24 29 1.

481 1433 103 32 Clicks
599 1444 6 21 :
631 1433 109 32 dental
753 1444 15 28 %
783 1433 92 40 (Zulu
888 1435 38 38 c),
941 1433 111 32 lateral
1065 1435 18 30 b
1099 1433 92 40 (Zulu
1206 1435 43 38 x),
1263 1433 149 32 retroflex
1427 1444 10 27 c
1453 1433 92 40 (Zulu
1559 1435 39 39 q),

522 1479 87 31 velar
626 1490 28 29 q.

480 1525 179 31 r-coloured
679 1525 116 31 vowels
817 1525 134 39 (formed
972 1525 45 42 by
1035 1525 152 31 retroflex
1205 1528 118 39 tongue
1344 1537 36 19 or
1399 1525 199 39 otherwise):

680 1582 25 30 g,
725 1580 36 30 %,
779 1574 58 27 etc.
867 1580 26 30 %
906 1571 26 30 is
950 1571 135 30 another
1100 1582 72 30 way
1187 1571 37 31 of
1236 1571 128 41 writing
1377 1571 190 31 frictionless
1585 1582 16 19 jl

521 1617 91 30 when
629 1617 76 31 used
723 1628 34 19 as
775 1626 19 21 a
812 1617 111 30 vowel.

481 1661 224 31 Combination
720 1662 35 30 of
765 1672 21 19 x
801 1661 64 31 and
878 1665 15 37 J
909 1664 70 38 (one
997 1662 128 41 variety
1139 1662 36 32 of
1185 1662 142 32 Swedish
1341 1662 33 41 tj,
1389 1662 42 41 Ttj,
1448 1662 97 40 etc.):
1574 1662 22 39 [j.

480 1708 158 41 Japanese
656 1707 135 42 syllabic
807 1708 90 30 nasal
913 1719 6 20 :
949 1718 26 31 i).

481 1754 65 30 The
563 1754 97 31 letter
675 1754 51 30 for
743 1752 55 33 the
816 1754 150 30 voiceless
984 1754 149 31 fricative
1151 1754 246 40 corresponding
1413 1757 35 27 to
1466 1764 30 22 w
1513 1754 26 30 is
1557 1764 39 26 ja,

519 1798 60 32 hut
595 1799 28 31 it
638 1799 28 31 is
683 1799 159 41 generally
857 1799 176 41 preferable
1050 1803 35 27 to
1100 1803 163 38 represent
1280 1799 65 31 this
1362 1799 103 30 sound
1482 1798 44 42 by
1542 1798 55 32 the

519 1845 136 41 digraph
669 1846 59 30 hw,

891 1946 210 30 DIGRAPHS

439 2028 47 29 29.
541 2027 38 31 In
605 2027 92 31 order
720 2031 36 26 to
780 2027 80 41 keep
879 2027 56 30 the
956 2026 135 32 number
1116 2027 36 30 of
1173 2027 112 31 letters
1309 2028 34 30 in
1367 2027 55 31 the
1447 2027 152 41 phonetic

397 2072 151 42 alphabet
578 2073 115 31 within
723 2073 184 31 reasonable
937 2073 113 38 limits,
1081 2072 56 32 the
1177 2073 196 31 Association
1413 2073 186 41 PhonAtique

397 2118 240 32 Internationale
665 2118 219 32 recommends
913 2118 55 32 the
998 2118 179 32 occasional
1206 2130 55 20 use
1292 2118 36 32 of
1353 2118 162 42 digraphs,
1545 2120 52 31 i.e.

396 2175 170 31 sequences
583 2165 37 30 of
632 2168 64 27 two
714 2165 113 30 letters
843 2168 35 27 to
895 2168 162 37 represent
1075 2164 98 41 single
1191 2165 128 31 sounds.
1355 2165 64 30 The
1437 2165 161 40 following

396 2221 53 20 are
476 2209 54 32 the
559 2209 86 32 chief
669 2220 86 22 cases
782 2211 34 30 in
842 2209 105 32 which
973 2209 152 42 digraphs
1153 2221 77 30 may
1255 2208 40 33 be
1322 2211 168 40 employed
1518 2211 80 31 with

396 2255 181 41 advantage
594 2266 6 20 :

479 2302 43 39 (a)
546 2302 43 30 To
606 2305 161 38 represent
782 2302 144 30 affricate
943 2305 202 34 consonants,
1161 2311 59 32 e.g.
1237 2304 44 34 pf,
1298 2302 51 36 bv,
1367 2305 38 32 ts,
1424 2303 45 34 dz,
1488 2303 38 38 tj,
1545 2303 48 40 dg,

437 2351 42 32 tjs,
494 2347 52 30 kx.
576 2347 33 30 If
619 2358 18 19 a
651 2347 154 40 language
819 2347 146 32 contains
979 2346 161 31 affricates
1154 2357 35 20 as
1202 2347 71 30 well
1286 2358 34 21 as
1333 2347 78 32 such
1424 2357 171 32 sequences

73 2832 145 19 Downloaded
227 2832 55 19 from
293 2832 389 25 https://www.cambridge.org/core.
692 2833 26 18 30
724 2833 37 23 Jun
771 2833 51 18 2021
835 2835 21 16 at
865 2833 102 21 16:11:33,
977 2832 82 25 subject
1066 2835 23 16 to
1097 2832 38 19 the
1144 2832 127 25 Cambridge
1281 2833 52 18 Core
1341 2835 68 16 terms
1417 2832 24 19 of
1448 2838 45 13 use.
