2055 2917
251 97 42 25 316
338 94 74 28 Journal
424 94 19 28 of
452 94 31 28 the
495 94 127 28 International
635 94 88 28 Phonetic
734 94 124 28 Association:
870 94 35 28 The
918 94 126 28 International
1057 94 88 28 Phonetic
1157 94 90 34 Alphabet

401 300 36 30 16
781 310 66 20 THE
869 307 194 24 PRINCIPLES
1085 307 42 23 OF
1148 309 66 21 THE

480 396 37 40 (i)
540 396 44 30 To
597 401 162 36 represent
774 397 189 41 palatalised
975 400 194 29 consonants
1182 397 33 30 in
1230 396 169 42 languages
1415 397 183 44 containing

437 442 190 41 palatalised
645 454 35 19 as
698 443 71 31 well
787 454 35 20 as
840 443 270 41 non-palatalised
1129 447 202 27 consonants.
1369 443 77 31 This
1464 455 77 29 may
1559 444 38 33 be

435 487 83 32 done
531 487 46 41 by
589 487 119 42 adding
721 490 23 36 j,
758 487 76 33 thus
847 490 38 36 tj,
903 491 38 36 sj,
956 492 60 28 etc.
1033 487 116 41 (which
1164 504 35 11 ==
1213 492 23 36 t,,
1250 498 27 29 §,
1291 492 72 35 etc.,
1379 490 14 39 §
1406 490 60 38 28).
1495 487 102 35 When

437 545 18 19 a
479 535 12 35 j
517 534 121 31 follows
662 545 19 20 a
704 534 190 41 palatalised
919 539 186 33 consonant,
1130 545 35 20 as
1190 535 183 30 sometimes
1397 534 144 42 happens
1563 537 34 31 in

437 580 148 37 Russian,
608 580 57 31 the
687 590 171 32 sequences
879 592 77 30 may
978 580 39 32 be
1040 581 131 30 written
1194 582 53 35 tjj,
1271 582 51 35 sjj,
1346 584 60 28 etc.
1453 581 103 31 When
1579 594 18 19 a

435 636 154 30 sequence
607 625 170 42 composed
793 626 36 30 of
842 638 19 18 a
877 625 270 42 non-palatalised
1164 630 176 26 consonant
1359 629 35 36 -f-
1407 628 12 36 j
1439 637 109 22 occurs
1563 628 33 32 in

435 671 78 31 such
535 682 18 20 a
575 671 165 41 language,
762 683 19 20 a
803 672 129 42 hyphen
953 683 78 30 may
1045 671 38 32 be
1100 672 141 31 inserted
1262 676 35 27 to
1319 672 86 31 show
1434 672 74 38 this,
1538 684 58 30 e.g.

435 719 48 36 H
507 719 50 36 s-j.

475 762 43 42 (j)
540 763 44 31 To
614 768 162 36 represent
809 763 18 13 “
839 764 87 32 front
956 763 216 31 labialisation
1187 763 19 13 ”
1238 763 251 42 (palatalisation
1519 764 79 32 with

432 809 253 41 lip-rounding);
709 809 66 31 this
797 821 76 30 may
894 809 39 32 be
955 810 110 31 shown
1087 809 46 41 by
1153 809 121 42 adding
1295 821 30 29 q,
1347 820 58 31 e.g.
1445 811 42 39 bi[
1508 821 35 20 as
1563 811 34 31 in

434 854 78 32 Pedi
529 856 94 39 bqale
642 856 104 39 (now).

476 900 45 41 (Jfe)
543 901 45 30 To
605 905 163 37 represent
785 901 159 31 nasalised
962 901 117 31 vowels
1093 911 7 27 ;
1130 900 51 31 for
1196 901 145 31 instance
1358 901 28 31 it
1403 912 76 31 may
1496 912 87 22 some­

432 947 96 31 times
547 946 40 32 be
606 947 101 31 found
726 948 192 30 convenient
939 947 183 42 (especially
1140 947 33 31 in
1193 947 153 41 phonetic
1365 947 232 42 orthography)

433 996 35 28 to
480 992 91 32 write
583 1002 38 31 aq
635 1003 36 21 or
681 1003 50 31 aq,
750 1003 36 30 eg
800 1004 35 20 or
847 1003 48 31 eq,
907 994 32 30 in
951 994 89 40 place
1052 994 36 30 of
1097 1003 27 25 a,
1140 996 26 32 i,
1184 996 61 29 etc.

476 1038 34 40 (,l)
534 1038 44 31 To
605 1043 163 37 represent
794 1039 118 31 vowels
937 1038 205 42 pronounced
1169 1039 80 31 with
1278 1039 19 12 “
1310 1039 137 41 breathy
1473 1039 89 31 voice
1578 1039 18 15 ”

434 1084 196 39 (h-coloured
650 1085 151 39 vowels);
835 1085 67 31 this
921 1096 77 30 may
1017 1085 40 31 be
1077 1084 165 32 indicated
1262 1084 46 42 by
1327 1085 120 41 adding
1467 1086 33 38 h,
1520 1085 76 32 thus

434 1130 47 36 eh,
505 1133 50 33 ah,
578 1134 61 28 etc.
681 1130 146 32 Another
846 1130 133 33 method
999 1130 36 32 of
1052 1130 156 41 denoting
1227 1130 184 33 h-coloured
1433 1130 117 33 vowels
1569 1133 27 30 is

432 1180 33 26 to
481 1187 170 30 superpose
667 1176 55 31 the
738 1177 177 41 aspiration
930 1177 80 41 sign,
1026 1176 75 32 thus
1119 1188 24 25 e,
1163 1189 27 24 a,
1207 1181 61 27 etc.

777 1298 262 30 DIACRITICAL
1061 1298 145 32 MARKS

431 1381 48 29 30.
524 1379 66 31 The
612 1379 162 43 following
795 1380 179 32 diacritical
996 1380 108 32 marks
1127 1392 52 20 are
1201 1380 244 32 recommended
1467 1380 50 32 for
1538 1392 55 20 use

392 1424 91 33 when
498 1435 174 31 necessary.

431 1494 13 5 ~
474 1489 210 31 nasalisation
698 1501 6 20 :
733 1501 28 26 a,
777 1494 17 27 I
810 1507 35 10 =
858 1490 161 33 nasalised
1034 1501 28 26 a,
1081 1501 25 22 e.

429 1555 14 14 o
468 1535 115 32 breath
597 1547 6 20 :
635 1547 16 19 r
666 1550 36 12 =
715 1536 155 31 breathed
889 1547 17 20 r
924 1548 7 26 ;
973 1537 26 36 b,
1019 1538 27 35 d,
1065 1548 16 30 g
1101 1548 53 20 are
1175 1537 90 31 weak
1284 1537 151 31 voiceless
1454 1537 138 41 plosives

511 1581 32 41 (“
557 1581 114 32 mediae
684 1581 42 41 ”).

427 1658 14 12 w
473 1628 88 30 voice
576 1638 7 20 :
612 1627 49 31 for
675 1628 144 31 instance
839 1639 13 19 s
869 1639 76 30 may
961 1628 38 31 be
1016 1628 78 31 used
1111 1632 35 27 to
1163 1632 162 37 represent
1340 1639 16 19 z
1373 1628 33 31 in
1422 1628 170 41 languages

510 1673 79 31 such
610 1683 35 21 as
668 1673 147 42 Spanish,
836 1674 35 31 in
891 1667 105 38 which
1019 1685 15 19 z
1057 1674 76 41 only
1155 1685 110 21 occurs
1286 1674 210 41 incidentally
1517 1685 34 20 as
1573 1685 19 20 a

509 1718 142 31 member
665 1719 37 30 of
711 1719 56 32 the
782 1719 197 42 s-phoneme.

429 1767 14 6 "
475 1764 122 32 central
626 1765 123 32 vowel:
782 1766 13 31 I
810 1781 35 12 =
858 1767 24 35 i,
912 1769 21 27 U
949 1781 35 12 =
998 1775 28 22 «.
1089 1776 16 21 e
1135 1766 26 31 is
1191 1766 226 31 intermediate
1447 1765 144 32 between

510 1821 15 21 e
539 1811 64 31 and
615 1821 29 21 y.
681 1821 16 21 o
710 1826 35 11 =
759 1821 17 21 e
792 1812 236 39 (intermediate
1041 1812 144 31 between
1199 1819 18 25 a
1227 1812 64 30 and
1302 1813 38 38 o),
1357 1815 60 28 etc.
1458 1812 65 31 The
1536 1823 55 20 use

509 1856 36 31 of
565 1859 17 6 ”
609 1857 27 30 is
661 1861 35 26 to
721 1856 40 31 he
785 1857 244 32 recommended
1053 1857 94 32 when
1171 1857 56 32 the
1253 1857 117 32 vowels
1395 1868 53 21 are
1475 1857 116 41 special

507 1902 159 31 members
683 1902 36 31 of
733 1902 84 32 back
834 1914 35 19 or
885 1903 88 31 front
991 1903 102 31 vowel
1109 1903 184 41 phonemes.

428 1971 5 6 .
473 1947 112 41 (below
601 1958 19 21 a
637 1947 107 41 letter)
762 1949 132 31 denotes
911 1959 19 20 a
948 1949 80 31 close
1046 1949 127 40 variety
1188 1959 6 21 :
1223 1959 16 20 e
1256 1964 35 11 =
1304 1959 21 21 a
1340 1949 153 40 specially
1508 1949 81 31 close

509 1994 127 41 variety
656 1993 36 31 of
713 2004 24 20 e.
786 1994 75 30 This
883 2006 77 29 may
981 1994 66 31 also
1070 1994 39 31 be
1131 1994 162 31 indicated
1315 1994 46 42 by
1381 1994 55 31 the
1458 1994 92 31 mark
1572 2004 11 13 J
1582 2012 5 5 -

507 2039 113 42 placed
633 2039 84 32 after
732 2051 35 20 or
783 2040 99 31 under
895 2040 55 31 the
965 2040 104 38 letter,
1085 2040 75 31 thus
1176 2051 31 20 ej-
1220 2051 36 20 or
1271 2051 24 20 e.

431 2114 8 16 (
470 2096 82 30 open
564 2085 128 41 variety
705 2096 6 21 :
738 2096 17 21 e
770 2101 35 11 =
819 2097 18 20 a
851 2087 152 40 specially
1015 2096 82 31 open
1110 2087 127 40 variety
1249 2087 36 30 of
1296 2096 24 21 e.
1347 2085 76 32 This
1435 2096 76 30 may
1523 2085 66 32 also

509 2131 38 31 be
563 2131 163 31 indicated
743 2131 44 41 by
801 2131 56 31 the
873 2131 93 31 mark
981 2148 14 13 r
1010 2131 113 42 placed
1146 2132 84 30 after
1245 2142 35 20 or
1296 2131 102 32 under
1412 2131 55 31 the
1483 2131 106 38 letter,

507 2177 77 31 thus
601 2187 32 21 er
648 2187 35 21 or
699 2187 26 21 e.

427 2237 14 14 +
463 2222 166 31 advanced
639 2223 136 40 variety.
804 2222 65 31 The
879 2222 92 31 mark
980 2233 76 30 may
1067 2222 38 31 be
1116 2223 113 41 placed
1239 2223 102 30 either
1351 2223 84 30 after
1445 2233 34 20 or
1489 2223 102 30 under

507 2268 57 32 the
573 2268 96 32 letter
684 2279 7 27 ;
719 2268 76 32 thus
807 2280 41 20 an
860 2268 166 32 advanced
1037 2269 127 39 variety
1175 2269 36 31 of
1220 2277 18 22 a
1249 2280 77 30 may
1337 2268 38 32 be
1386 2268 203 42 represented

507 2313 46 42 by
566 2323 35 21 a+
613 2324 35 20 or
662 2323 28 27 a,
705 2325 42 21 an
762 2314 165 32 advanced
941 2316 21 27 k
975 2313 46 42 by
1033 2316 37 28 k+
1082 2325 36 21 or
1130 2316 22 28 k
1171 2314 146 41 (another
1331 2325 72 31 way
1417 2314 32 32 of
1463 2314 126 41 writing

512 2368 45 40 *).
1573 2352 6 3 -

73 2832 145 19 Downloaded
227 2832 55 19 from
293 2832 389 25 https://www.cambridge.org/core.
692 2833 26 18 30
724 2833 37 23 Jun
771 2833 51 18 2021
835 2835 21 16 at
865 2833 102 21 16:11:33,
977 2832 82 25 subject
1066 2835 23 16 to
1097 2832 38 19 the
1144 2832 127 25 Cambridge
1281 2833 52 18 Core
1341 2835 68 16 terms
1417 2832 24 19 of
1448 2838 45 13 use.
