2055 2917
1422 94 101 34 Principles
1532 94 24 28 of
1562 94 32 28 the
1603 94 8 28 I
1611 94 25 28 PA
1647 94 71 33 (1949)
1762 97 42 25 319

633 291 274 23 INTEKNATIONAL
928 294 171 21 PHONETIC
1119 293 217 22 ASSOCIATION
1549 285 37 30 19

427 375 48 30 36.
519 374 37 30 In
574 374 169 41 languages
760 374 64 31 like
842 374 141 33 Swedish
1000 375 65 32 and
1082 375 198 41 Norwegian,
1299 375 102 30 where
1419 375 55 32 the
1492 379 91 28 tones

385 431 52 20 are
451 420 109 31 linked
573 420 79 31 with
665 423 96 28 stress
776 420 63 31 and
854 432 80 30 vary
946 421 34 31 in
994 421 93 31 value
1101 421 169 41 according
1283 425 34 26 to
1331 421 56 31 the
1401 421 182 31 intonation

386 465 36 32 of
436 465 55 32 the
509 469 158 35 sentence,
685 467 27 30 it
730 467 27 30 is
775 476 166 33 necessary
958 470 34 29 to
1012 467 100 42 adopt
1131 467 224 32 conventional
1373 467 208 32 tone-marks.

386 512 61 30 For
464 511 152 38 instance,
635 511 56 31 the
709 511 151 42 ordinary
877 512 202 33 stress-mark
1100 512 5 15 1
1124 524 77 30 may
1217 512 40 31 he
1275 512 97 31 taken
1389 513 34 32 in
1441 512 141 33 Swedish

385 560 33 29 to
442 569 94 19 mean
559 557 55 31 the
640 557 18 13 “
671 557 112 42 simple
806 561 75 28 tone
896 559 18 12 ”
941 560 46 39 (as
1010 559 33 30 in
1070 559 119 36 'andan,
1214 559 55 30 the
1293 559 107 40 duck),
1425 559 91 31 while
1541 570 41 20 an

385 602 183 42 arbitrarily
580 602 114 33 chosen
705 602 91 33 mark
807 605 78 30 such
896 615 33 21 as
941 602 18 15 x
971 615 35 21 or
1018 601 15 16 v
1046 608 87 27 must
1144 605 39 30 be
1195 605 166 40 employed
1372 608 35 28 to
1419 605 163 40 designate

386 649 54 31 the
463 648 19 13 “
495 649 180 41 compound
694 651 76 29 tone
784 649 19 12 ”
827 651 46 39 (as
893 650 34 30 in
949 648 14 14 v
968 651 109 35 andan,
1100 650 55 31 the
1175 650 117 41 spirit).
1331 650 197 39 Sometimes,
1550 651 33 30 in

387 695 100 31 words
507 695 36 31 of
560 695 87 31 three
669 705 35 21 or
722 705 86 21 more
829 696 158 41 syllables,
1009 697 27 30 it
1055 697 27 30 is
1101 707 167 30 necessary
1287 699 34 28 to
1341 696 139 31 indicate
1501 696 45 42 by
1564 708 18 19 a

386 740 101 39 mark,
507 740 160 41 generally
725 741 56 30 the
800 741 132 41 syllable
951 752 86 31 upon
1058 741 104 33 which
1181 741 56 32 the
1256 741 115 32 second
1391 741 137 33 element
1547 743 40 30 of

386 798 18 19 a
422 786 180 41 compound
617 791 76 26 tone
710 787 80 31 falls.

736 879 198 32 F0RTHER
953 881 318 30 IMPROVEMENTS

428 949 47 31 37.
520 949 65 30 The
597 949 194 31 Association
802 949 186 42 Phonetique
999 949 241 31 Internationale
1250 950 74 30 does
1335 954 58 26 not
1405 950 94 30 claim
1510 950 73 31 that

385 995 43 31 its
441 993 152 42 alphabet
605 995 27 31 is
646 995 102 31 either
761 996 156 39 complete
932 1005 35 21 or
979 996 130 39 perfect.
1138 996 65 30 The
1217 996 98 30 forms
1329 996 35 30 of
1375 1007 85 19 some
1474 995 109 32 letters

387 1051 76 30 may
482 1040 39 31 be
542 1040 193 41 susceptible
755 1040 36 31 of
808 1041 244 41 improvement,
1075 1040 63 31 and
1159 1041 27 30 it
1207 1052 76 30 may
1303 1040 38 31 be
1363 1052 166 30 necessary
1550 1045 33 26 to

386 1086 111 31 invent
508 1097 71 20 new
589 1086 85 41 signs
686 1086 101 31 either
799 1086 48 31 for
857 1086 105 42 newly
974 1086 182 31 discovered
1168 1087 119 30 sounds
1299 1097 35 20 or
1345 1091 34 26 to
1393 1087 192 40 distinguish

386 1131 113 33 shades
526 1131 36 32 of
585 1131 102 32 sound
712 1131 143 33 hitherto
881 1131 59 32 left
965 1131 288 41 undistinguished.
1307 1131 203 41 Suggestions
1537 1133 49 31 for

387 1177 233 42 improvement
646 1189 52 19 are
723 1177 94 32 made
842 1178 84 31 from
950 1178 79 31 time
1055 1182 35 27 to
1115 1178 80 31 time
1220 1177 45 42 by
1289 1177 156 32 members
1472 1178 36 30 of
1529 1178 56 31 the

387 1224 200 31 Association
611 1224 64 30 and
699 1235 53 20 are
775 1224 163 31 discussed
961 1224 44 41 by
1028 1224 55 31 the
1108 1224 130 31 Council
1261 1224 63 31 and
1347 1225 34 29 in
1403 1224 44 31 Le
1468 1224 118 31 Maitre

387 1269 186 41 Phonetique
586 1280 7 27 ;
632 1280 81 21 none
724 1280 53 21 are
790 1269 166 41 definitely
964 1269 142 41 adopted
1121 1269 138 32 without
1275 1269 118 32 careful
1408 1269 162 32 considera­

387 1315 70 31 tion
471 1315 64 31 and
548 1315 55 31 the
616 1319 77 27 vote
706 1315 36 31 of
753 1326 18 20 a
784 1315 155 41 majority
952 1315 35 31 of
998 1315 55 31 the
1067 1315 140 31 Council.

429 1362 47 30 38.
520 1361 125 40 Among
677 1361 198 40 suggestions
908 1361 99 40 lately
1039 1361 93 31 made
1165 1371 46 21 we
1244 1371 77 30 may
1352 1361 145 31 mention
1528 1361 57 31 the

388 1406 160 41 following

429 1476 10 13 r
458 1452 57 31 has
529 1452 80 31 been
621 1452 157 42 proposed
791 1464 35 19 as
839 1464 20 18 a
872 1453 69 41 sign
953 1455 35 28 to
1003 1452 116 32 denote
1132 1452 73 32 that
1220 1464 17 19 a
1251 1455 72 39 stop
1339 1455 175 28 consonant
1527 1452 58 31 has

387 1509 41 20 no
448 1499 124 40 plosion
593 1500 46 37 (as
658 1499 34 30 in
712 1499 161 37 Burmese,
897 1499 185 37 Cantonese,
1108 1499 84 39 etc.),
1241 1509 21 20 h
1282 1497 64 32 and
1367 1508 17 21 a
1403 1499 82 30 have
1505 1497 80 32 been

388 1544 168 41 suggested
581 1555 34 19 as
640 1544 126 40 general
790 1544 141 41 symbols
956 1544 155 41 denoting
1135 1555 64 30 any
1225 1547 175 28 consonant
1425 1555 35 19 or
1484 1544 101 30 vowel

388 1590 217 41 respectively,
646 1602 23 18 ir
689 1590 58 31 has
766 1589 81 32 been
866 1590 168 41 suggested
1053 1595 35 26 to
1108 1590 115 31 denote
1243 1590 55 31 the
1318 1590 149 31 voiceless
1487 1589 84 31 labio­

388 1635 109 32 dental
511 1635 130 41 plosive,
657 1646 13 19 s
683 1639 35 26 to
734 1635 114 32 denote
863 1635 149 32 voiceless
1027 1646 24 25 r,
1069 1635 30 32 hi
1114 1639 35 28 to
1166 1635 115 32 denote
1295 1635 149 32 voiceless
1459 1646 37 21 m.

429 1681 66 30 The
518 1681 217 41 length-mark
759 1691 6 20 :
789 1681 26 31 is
839 1685 58 27 not
921 1681 185 31 considered
1129 1681 135 41 entirely
1288 1681 214 41 satisfactory,
1527 1680 59 31 but

388 1737 82 21 none
487 1727 36 30 of
536 1727 54 31 the
607 1727 207 31 alternatives
831 1727 142 31 hitherto
991 1727 156 42 proposed
1163 1739 84 19 seem
1264 1739 64 30 any
1343 1727 114 31 better.

429 1773 34 30 It
476 1772 57 31 has
549 1772 79 31 been
644 1773 155 41 proposed
814 1773 73 30 that
902 1775 21 28 K
944 1773 62 30 and
1022 1771 18 32 9
1054 1773 105 40 might
1173 1773 70 30 well
1257 1772 38 31 be
1310 1772 146 42 replaced
1471 1772 45 41 by
1529 1772 56 31 the

388 1818 141 41 symbols
549 1829 18 30 g
587 1819 63 30 and
670 1830 18 29 g
707 1818 105 31 which
831 1821 127 38 suggest
976 1819 57 31 the
1052 1818 117 31 Arabic
1189 1819 84 41 signs
1292 1819 49 30 for
1359 1818 89 31 these
1468 1818 117 31 sounds

393 1880 10 33 (
406 1893 40 38 e
608 1934 5 6 .
1537 1934 4 5 .

430 1935 65 30 The
506 1932 228 33 Association’s
743 1938 176 27 treatment
931 1934 34 31 of
974 1945 19 19 a
1004 1934 63 31 and
1079 1944 20 20 a
1109 1945 34 20 as
1155 1934 148 31 different
1313 1934 110 31 letters
1435 1934 152 41 denoting

388 1981 149 30 different
553 1980 118 31 sounds
688 1980 57 31 has
760 1983 59 28 not
835 1983 67 28 met
919 1980 78 31 with
1013 1980 56 31 the
1085 1991 123 20 success
1225 1980 166 41 originally
1406 1980 104 41 hoped
1527 1980 58 30 for.

389 2027 40 31 In
452 2027 140 42 practice
614 2025 29 32 it
665 2027 27 30 is
716 2025 99 32 found
838 2025 75 32 that
937 2025 130 32 authors
1091 2025 64 32 and
1178 2027 138 39 printers
1339 2025 67 32 still
1427 2025 160 41 generally

389 2071 113 42 regard
517 2071 55 32 the
587 2075 64 27 two
667 2071 98 31 forms
781 2082 34 21 as
832 2072 143 31 variants
991 2071 36 31 of
1039 2071 55 31 the
1109 2082 87 20 same
1211 2071 105 31 letter.
1348 2071 65 30 The
1429 2071 158 41 difficulty

389 2117 105 42 might
518 2117 39 32 be
581 2117 110 31 solved
715 2117 45 42 by
784 2117 136 42 altering
943 2117 56 31 the
1023 2117 94 31 value
1142 2117 35 31 of
1199 2127 26 20 ee
1251 2117 64 31 and
1339 2117 159 40 assigning
1522 2117 65 30 this

389 2165 94 31 letter
507 2167 35 28 to
567 2163 140 30 cardinal
730 2163 102 30 vowel
856 2163 59 32 No.
941 2165 20 28 4
986 2163 75 39 (and
1087 2163 117 30 sounds
1228 2174 76 19 near
1327 2166 36 27 to
1385 2163 51 39 it),
1460 2163 127 40 leaving

391 2209 140 32 cardinal
549 2209 100 30 vowel
667 2209 58 30 No.
746 2210 18 29 5
784 2209 75 40 (and
877 2209 117 30 sounds
1012 2220 77 19 near
1106 2213 35 26 to
1157 2209 40 37 it)
1215 2211 35 28 to
1267 2208 38 31 be
1323 2208 202 41 represented
1543 2208 44 41 by

391 2267 18 19 a
423 2267 35 19 or
472 2264 18 22 a
503 2255 168 40 according
683 2258 35 28 to
731 2255 57 31 the
797 2255 93 30 fount
903 2255 34 31 of
949 2258 78 37 type
1041 2255 176 40 employed.
1253 2255 75 30 This
1341 2255 106 30 would
1459 2255 128 30 involve

389 2300 165 42 designing
563 2311 20 20 a
593 2311 70 20 new
673 2300 93 31 letter
776 2304 35 27 to
821 2299 123 44 replace
956 2311 57 20 our
1023 2304 127 38 present
1163 2311 24 19 se
1205 2311 6 26 ;
1231 2310 18 20 n
1262 2300 56 30 has
1329 2300 80 30 been
1420 2300 167 41 suggested

389 2348 50 31 for
452 2347 74 32 this.

73 2832 145 19 Downloaded
227 2832 55 19 from
293 2832 389 25 https://www.cambridge.org/core.
692 2833 26 18 30
724 2833 37 23 Jun
771 2833 51 18 2021
835 2835 21 16 at
865 2833 102 21 16:11:33,
977 2832 82 25 subject
1066 2835 23 16 to
1097 2832 38 19 the
1144 2832 127 25 Cambridge
1281 2833 52 18 Core
1341 2835 68 16 terms
1417 2832 24 19 of
1448 2838 45 13 use.
