3014 4279
2085 139 150 50 Principles
2248 139 34 41 of
2291 139 46 41 the
2351 138 48 42 IPA
2415 138 105 50 (1949)
2585 143 61 38 345

921 437 396 34 INTERNATIONAL
1349 440 246 32 PHONETIC
1624 440 316 32 ASSOCIATION
2244 424 58 46 45

560 574 60 43 ga
645 557 185 48 hukeba
856 556 253 47 hukuhodo
1134 559 145 58 gaito:
1306 574 27 30 o
1360 559 175 45 sikkari
1559 564 50 40 to
1635 559 175 46 karada
1837 561 51 44 ni
1913 556 386 50 kuttukemasita.

561 625 156 61 koqdo
749 641 73 28 wa
853 624 52 45 ki
935 640 62 29 no
1031 624 94 62 bap
1156 626 51 45 ni
1237 626 285 46 narimasita.
1590 625 52 46 bi
1674 643 71 28 wa
1777 626 143 46 knmo
1953 643 61 29 no
2048 625 106 46 aida
2187 625 116 44 kara

562 691 155 60 jasasi:
743 690 90 47 kao
861 706 27 29 o
915 689 148 48 dasite
1090 692 193 46 atataka
1310 708 60 29 na
1396 691 154 47 hikari
1575 708 25 30 o
1630 692 317 47 okurimasita.
2001 691 204 49 tabibito
2230 706 73 31 wa

563 759 190 62 dapdap
779 758 65 60 joi
869 757 296 47 kokoromoti
1191 759 49 46 ni
1266 764 149 51 natte,
1443 759 137 46 simai
1605 760 51 45 ni
1681 775 73 30 wa
1779 760 145 59 gaito:
1952 775 26 30 o
2007 757 294 61 nugimasita.

565 824 186 55 sokode,
771 824 113 45 kaze
902 838 60 30 no
980 822 135 47 make
1132 825 52 44 ni
1199 825 285 46 narimasita.

1377 961 111 49 Igbo

1095 1040 61 46 (of
1167 1040 203 44 Umuahia,
1390 1041 189 36 Southern
1594 1041 168 47 Nigeria)

625 1123 92 58 [kp,
759 1123 55 58 gb
837 1144 50 16 =
907 1123 74 53 kp,
1022 1123 73 53 gb,
1133 1121 315 62 nnaspirated.
1535 1122 145 47 Other
1726 1122 212 61 plosives,
1995 1121 163 47 voiced
2210 1120 96 47 and

565 1188 232 56 voiceless,
834 1203 136 31 occur
1003 1188 118 46 with
1155 1188 93 47 and
1281 1188 202 47 without
1517 1189 271 61 aspiration.
1847 1189 95 46 The
1977 1188 257 61 aspiration
2266 1188 41 45 is

566 1256 160 44 shown
745 1254 66 61 by
823 1256 44 51 h,
890 1255 110 45 thus
1019 1257 77 51 kh,
1120 1256 71 43 dh.
1235 1271 20 42 j
1392 1271 13 40 ;
1450 1257 40 45 it
1511 1271 160 30 occurs
1692 1255 236 61 aspirated
1951 1257 88 56 (jh)
2060 1271 50 29 as
2131 1254 103 46 well
2254 1270 51 29 as

567 1321 316 61 unaspirated.
941 1327 34 47 t,
1002 1324 41 51 d,
1068 1321 216 47 alveolar,
1343 1338 20 29 s
1388 1323 39 45 is
1451 1321 149 61 J-like.
1657 1338 28 29 o
1703 1323 39 45 is
1763 1339 28 28 a
1811 1339 114 44 very
1948 1322 118 46 close
2090 1336 39 38 o,
2152 1320 94 47 and
2265 1321 39 45 is

569 1390 196 45 distinct
784 1389 122 45 from
928 1387 117 48 both
1066 1403 24 31 o
1110 1391 95 45 and
1224 1404 40 31 u.
1321 1391 179 46 Precise
1521 1391 159 45 values
1702 1390 52 45 of
1769 1390 133 45 other
1922 1388 197 47 vowels:
2171 1391 48 49 if,
2244 1401 57 38 er,

570 1470 56 38 a-,
653 1470 56 38 Ot,
733 1469 57 39 Ot,
813 1469 63 30 U+.

628 1522 95 45 The
741 1522 216 45 essential
972 1527 134 40 tones
1123 1537 78 30 are
1222 1523 63 57 (1)
1303 1522 113 58 high
1432 1522 133 56 level,
1585 1522 235 46 indicated
1837 1522 65 59 by
1919 1532 42 45 ",
1985 1523 63 56 (2)
2066 1521 88 45 low
2171 1520 133 56 level,

569 1586 271 57 unmarked,
861 1589 62 58 (3)
941 1604 27 28 a
983 1588 196 46 lowered
1193 1589 113 59 high
1319 1594 109 40 tone
1454 1589 159 44 shown
1629 1589 64 59 by
1706 1584 19 13 v
1738 1588 247 60 preceding
1999 1587 80 46 the
2095 1586 208 61 syllable.

568 1654 77 47 All
666 1654 113 59 high
802 1659 134 42 tones
960 1654 234 59 following
1217 1651 20 13 v
1260 1671 77 30 are
1364 1671 58 31 on
1454 1671 27 29 a
1514 1654 192 61 slightly
1728 1654 138 46 lower
1889 1654 119 46 level
2030 1654 118 46 than
2172 1653 134 46 those

569 1721 260 61 preceding,
855 1721 124 46 until
1000 1722 81 45 the
1107 1721 90 45 end
1222 1722 53 45 of
1294 1721 81 45 the
1401 1736 310 47 sense-group,
1738 1721 134 45 when
1896 1720 119 61 fully
2038 1720 113 60 high
2174 1725 134 41 tones

571 1804 77 30 are
665 1787 233 60 generally
913 1787 226 47 resumed.
1187 1787 96 46 The
1300 1787 239 60 lowerings
1557 1787 160 46 shown
1734 1786 66 62 by
1815 1783 20 14 v
1850 1787 119 45 have
1987 1784 323 62 grammatical

572 1871 51 29 or
650 1854 133 46 other
806 1853 306 61 significance.
1167 1855 129 59 High
1321 1859 133 41 tones
1481 1855 97 44 also
1603 1854 205 59 undergo
1836 1869 27 29 a
1890 1854 176 45 certain
2091 1853 219 59 lowering

572 1921 241 45 whenever
838 1936 28 30 a
891 1920 89 46 low
1004 1926 109 40 tone
1139 1919 242 62 precedes;
1425 1936 85 45 e.g.
1537 1920 81 46 the
1643 1920 92 46 last
1760 1919 193 62 syllable
1979 1919 52 46 of
2052 1920 193 44 na-abea
2269 1919 41 44 is

571 1988 87 46 less
689 1987 113 58 high
832 1987 119 46 than
981 1987 80 46 the
1094 1987 114 47 first.
1274 1987 262 59 Lowerings
1569 1987 168 47 caused
1767 1988 50 44 in
1846 1987 96 46 this
1974 2001 104 44 way
2106 1985 204 46 likewise

573 2053 218 48 continue
822 2059 53 40 to
907 2053 80 45 the
1020 2053 91 46 end
1143 2053 52 46 of
1222 2053 80 46 the
1336 2069 311 46 sense-group,
1681 2053 122 45 after
1834 2053 152 45 which
2016 2052 82 46 the
2130 2051 181 46 normal

572 2119 162 61 height
758 2119 52 46 of
828 2119 113 60 high
964 2124 132 41 tones
1120 2120 39 45 is
1183 2121 226 45 resumed.
1459 2119 145 47 These
1629 2120 141 45 latter
1793 2119 238 60 lowerings
2055 2133 78 31 are
2156 2118 50 46 in
2228 2116 83 48 the

572 2193 165 40 nature
764 2187 51 44 of
833 2192 111 40 tone
969 2187 326 45 assimilations
1313 2202 10 40 ;
1364 2187 116 60 they
1502 2187 119 46 have
1646 2201 61 30 no
1732 2187 224 45 semantic
1979 2185 150 55 value,
2156 2184 94 46 and
2272 2185 40 45 it

573 2255 39 44 is
643 2253 229 46 therefore
903 2257 85 41 not
1018 2269 242 43 necessary
1290 2258 52 41 to
1375 2253 134 46 mark
1538 2253 132 46 them
1700 2254 49 45 in
1779 2253 371 59 transcriptions.
2215 2250 97 47 The

575 2321 103 45 first
698 2335 31 29 n
750 2320 52 45 of
820 2334 84 30 nno
905 2315 19 14 v
925 2335 23 30 o
970 2320 95 44 and
1085 2319 82 46 the
1190 2335 25 44 g
1242 2320 51 45 of
1310 2322 88 57 rjkg
1423 2336 77 30 are
1522 2320 197 59 syllabic
1742 2320 93 45 and
1854 2320 122 45 have
1998 2320 87 44 low
2106 2319 145 56 tone.]

635 2403 132 59 mgbe
794 2419 139 43 ogoro
958 2420 62 29 na
1048 2419 132 43 agwo
1206 2410 220 40 naroreta
1455 2404 89 45 oka
1574 2411 83 51 5pe
1684 2400 20 14 v
1703 2403 61 46 ka
1792 2403 71 46 ibe
1890 2403 47 60 ja
1966 2403 119 55 ikhe,
2117 2399 62 50 hi
2205 2398 19 14 v
2224 2403 91 45 aho

577 2477 84 39 dtu
686 2471 174 60 opeijhe
882 2469 62 45 ka
970 2486 26 29 o
1017 2472 42 44 ti
1080 2486 98 29 uwe
1204 2486 138 43 ogoro
1367 2471 47 59 ja
1437 2470 212 47 na-abea.
1720 2471 61 45 ha
1810 2466 199 49 jfkwesie
2039 2467 120 47 ikhe
2182 2468 135 45 nstiti

575 2538 63 45 ha
662 2553 60 29 na
749 2552 83 42 ope
856 2532 136 50 hnere
1016 2536 62 46 ka
1111 2537 175 60 opeijhe
1317 2537 90 46 ah6
1437 2537 148 62 kpufo
1615 2533 19 13 v
1634 2552 97 31 uwe
1758 2536 62 60 ja,
1851 2536 70 46 ibe
1949 2536 47 60 ja
2023 2535 204 59 ga-ekwe
2256 2551 61 29 na

576 2609 25 41 5
624 2604 57 45 de
704 2604 103 45 ikhe
829 2603 154 45 karea.
1011 2618 139 43 ogoro
1186 2605 183 45 amalfte
1395 2605 61 44 fe:
1482 2604 75 55 fe:,
1586 2605 61 44 fe:
1675 2620 91 30 nno
1767 2599 18 15 v
1784 2621 25 29 o
1837 2604 116 45 othu
1983 2603 103 46 ikhe
2116 2597 20 15 v
2135 2602 48 59 ja
2207 2599 108 57 ''ha;

576 2686 78 30 ma
680 2669 48 62 ja
751 2669 154 46 na-efe
931 2668 176 63 opeijhe
1133 2668 89 46 aho
1248 2670 319 61 na-ejigidhesi
1588 2666 19 14 v
1608 2685 97 31 uwe
1731 2669 48 61 ja
1804 2669 104 47 ikhe
1933 2668 156 46 naaho
2117 2665 19 13 v
2137 2668 61 60 ja.
2269 2667 48 61 ja

577 2752 21 31 e
599 2733 19 15 v
617 2737 161 46 fekata
805 2735 124 47 hafo.
1002 2751 134 42 arjwo
1164 2732 20 14 v
1186 2743 95 49 ato,
1314 2751 87 31 me:
1430 2737 61 46 ka
1532 2737 75 45 ebe
1642 2733 124 49 nfile
1793 2737 133 59 kpere
1954 2741 24 40 5
1977 2732 20 14 v
1997 2735 109 45 kh5.
2182 2750 62 30 no
2243 2730 19 15 v
2263 2740 50 40 tu

577 2802 134 59 mgbe
732 2801 91 46 aho
843 2802 176 60 opeijhe
1039 2802 90 45 aho
1150 2803 119 60 ekpu
1269 2800 20 14 v
1287 2803 50 45 fo
1355 2799 19 13 v
1375 2819 96 30 uwe
1491 2803 47 60 ja
1557 2803 86 58 gke
1670 2820 26 28 a
1721 2818 117 30 mere
1862 2802 59 45 ka
1939 2817 139 43 ogoro
2096 2801 143 45 kwer6
2257 2816 60 30 na

580 2884 135 44 agwo
732 2864 17 15 v
749 2869 63 46 ka
830 2869 48 59 ja
898 2868 118 48 ikhe.

1358 2986 183 46 Yoruba

1273 3068 60 44 (of
1347 3068 94 46 Oyo,
1459 3068 169 46 Nigeria)

644 3154 173 60 [Every
840 3168 29 39 p
892 3175 50 16 =
962 3157 75 53 kp,
1065 3153 87 45 but
1175 3156 30 43 b
1231 3154 92 45 and
1349 3157 57 56 gb
1435 3156 71 57 (~
1527 3157 75 56 gb)
1630 3171 77 29 are
1732 3152 354 63 distinguished,
2150 3169 20 43 j
2192 3176 50 16 =

581 3235 24 30 r
626 3221 40 45 is
688 3236 28 28 a
738 3219 144 60 single
905 3221 108 62 flap.
1072 3220 149 47 When
1243 3236 29 30 u
1292 3221 41 45 is
1354 3221 227 60 preceded
1601 3221 67 61 by
1690 3235 39 44 g,
1755 3237 50 30 as
1826 3221 49 47 in
1898 3225 153 54 ategu,
2073 3221 40 45 it
2136 3220 84 46 has
2240 3221 81 45 the

583 3286 136 46 value
749 3300 27 45 g
809 3286 329 62 accompanied
1166 3287 66 60 by
1260 3301 30 31 u
1317 3302 277 40 resonance;
1647 3286 80 46 the
1759 3300 24 45 g
1816 3288 38 44 is
1885 3286 228 61 exploded
2142 3287 180 60 nasally

584 3353 94 48 and
705 3358 84 40 not
817 3353 158 61 orally,
1034 3370 27 29 a
1097 3353 94 45 and
1220 3360 22 39 5
1270 3353 166 61 belong
1461 3359 51 40 to
1540 3354 82 46 the
1649 3370 126 29 same
1803 3353 242 60 phoneme,
2072 3353 82 46 the
2179 3353 141 46 latter

584 3419 138 60 being
748 3419 114 46 used
889 3421 120 46 after
1034 3419 141 48 labial
1202 3426 291 41 consonants.
1554 3420 79 56 As,
1661 3419 227 56 however,
1915 3419 80 47 the
2022 3420 245 47 non-nasal
2294 3434 27 32 a

109 4154 212 28 Downloaded
334 4154 81 28 from
430 4154 571 37 https://www.cambridge.org/core.
1015 4156 38 26 30
1061 4156 56 33 Jun
1131 4156 74 26 2021
1225 4157 30 25 at
1270 4156 149 31 16:11:33,
1433 4154 120 37 subject
1565 4157 32 25 to
1610 4154 54 28 the
1677 4154 188 37 Cambridge
1878 4156 77 26 Core
1967 4157 99 25 terms
2079 4154 34 28 of
2124 4162 65 20 use.
