2055 2917
251 97 41 25 354
338 94 74 28 Journal
424 94 19 28 of
452 94 31 28 the
495 94 127 28 International
635 94 88 28 Phonetic
734 94 124 28 Association:
870 94 35 28 The
918 94 126 28 International
1057 94 88 28 Phonetic
1157 94 90 34 Alphabet

419 297 84 59 Les
551 296 180 59 Statists
780 297 59 57 de
885 295 33 59 P
921 297 302 58 Association
1269 296 296 72 Pbonetique

793 396 388 56 Internationale,

437 572 40 31 1°.
499 572 43 31 Le
563 583 75 20 nom
659 572 38 31 de
717 571 222 32 1’Association
961 576 48 27 est
1029 570 221 33 “Association
1271 572 199 42 Phonetique
1490 572 90 31 Inter­

393 618 160 31 nationale
566 618 19 13 ”
618 619 51 38 (en
698 618 120 40 anglais
847 616 233 33 International
1109 616 153 33 Phonetic
1291 616 220 39 Association;
1554 628 38 21 en

395 663 156 33 allemand
573 662 400 43 Weltlautschriftverein).

435 710 42 31 2°,
493 710 43 30 Le
548 710 61 30 but
621 710 40 30 de
673 710 222 31 1’Association
909 712 48 29 est
968 710 29 30 le
1009 720 127 30 progres
1149 710 56 30 des
1218 710 110 31 etudes
1341 710 40 31 de
1393 708 200 43 Phonetique

396 766 72 21 sous
493 759 73 27 tons
591 756 44 31 les
660 759 157 37 rapports,
843 754 81 33 mais
949 753 263 43 principalement
1235 756 32 31 1°
1291 766 82 31 pour
1392 756 111 31 rendre
1523 756 70 39 plus

395 800 91 32 facile
505 803 32 29 et
554 800 72 42 plus
641 805 138 27 correcte
792 800 215 42 1’acquisition
1022 801 55 30 des
1094 800 130 41 langues
1238 801 156 37 vivantes,
1415 803 33 28 et
1464 800 32 31 2°
1514 811 81 31 pour

396 845 119 33 arriver
528 857 18 20 a
572 850 196 37 representer
780 847 96 31 d’une
889 847 138 31 maniere
1041 857 18 20 a
1073 847 31 30 la
1117 845 60 32 fois
1190 847 198 42 scientifique
1403 850 32 28 et
1447 845 149 42 pratique

396 892 43 31 les
458 892 131 40 langues
609 903 64 19 non
693 903 112 20 encore
825 891 111 32 ecrites
956 903 41 19 ou
1017 903 81 30 pour
1117 892 164 41 lesquelles
1302 892 99 33 existe
1422 891 174 32 seulement

397 950 42 19 un
458 938 94 31 mode
571 938 41 30 de
630 938 252 41 representation
901 938 199 31 defectueux.

435 982 239 33 L’Association
701 983 110 32 estime
839 986 93 39 qu’en
957 983 212 41 poursuivant
1194 995 35 21 ce
1253 985 69 37 but,
1349 985 57 31 elle
1430 982 167 33 contribue

396 1028 225 32 serieusement
643 1041 18 19 a
684 1040 98 20 nouer
804 1030 55 30 des
881 1028 151 32 relations
1053 1028 153 33 cordiales
1229 1035 88 26 entre
1339 1030 43 31 les
1405 1029 131 42 peuples
1557 1029 40 31 de

397 1087 79 30 pays
498 1075 171 31 differents.

438 1121 44 30 3°.
499 1121 44 30 Le
560 1121 82 41 siege
659 1121 96 32 social
770 1121 40 30 de
827 1120 219 31 !’Association
1065 1124 48 27 est
1130 1131 18 19 a
1165 1121 140 30 l’adresse
1321 1121 42 29 du
1379 1120 174 30 Secretaire.

799 1235 389 40 COMPOSITION.

439 1322 43 31 4°.
507 1321 240 33 L’Association
771 1331 34 21 se
829 1331 148 30 compose
1002 1321 38 31 de
1067 1321 156 31 membres
1247 1318 103 37 actifs,
1376 1318 40 31 de
1441 1317 157 32 membres

398 1367 171 32 adherents
591 1370 33 27 et
644 1367 41 32 de
707 1366 156 33 membres
884 1366 191 33 honoraires.

439 1413 44 31 5°.
506 1413 87 31 Pour
614 1412 131 32 devenir
767 1412 139 32 membre
929 1412 80 32 actif
1028 1424 42 19 ou
1092 1411 163 38 adherent,
1278 1411 23 30 il
1321 1409 72 32 faut
1415 1413 67 28 etre
1503 1419 93 31 agree

399 1469 58 30 par
474 1459 29 30 le
521 1456 121 34 Conseil
661 1462 32 27 et
711 1469 98 30 payer
827 1469 61 21 une
905 1457 170 32 cotisation
1093 1459 80 30 dont
1190 1457 28 32 le
1236 1461 79 28 taux
1333 1460 49 26 est
1398 1456 62 30 fixe
1478 1466 58 30 par
1553 1466 43 20 un

398 1504 173 41 reglement
589 1503 160 32 interieur.

440 1550 43 31 6°.
501 1550 45 31 Le
563 1549 75 32 titre
655 1550 40 30 de
710 1549 141 32 membre
867 1550 167 31 honoraire
1051 1553 48 27 est
1115 1550 104 30 donne
1236 1559 57 30 par
1309 1558 62 20 une
1387 1545 209 33 deliberation

399 1596 45 30 du
456 1594 122 32 Conseil
593 1606 18 19 a,
624 1595 55 31 des
692 1606 169 30 personnes
875 1599 100 37 ayant
987 1595 100 31 rendu
1100 1595 55 30 des
1170 1594 132 31 services
1316 1605 18 19 a
1347 1593 30 31 la
1391 1590 204 44 pbonetique.

401 1642 58 30 Les
477 1641 156 31 membres
654 1641 180 31 honoraires
853 1652 40 20 ne
911 1644 121 38 payent
1050 1652 57 30 pas
1127 1641 38 30 de
1184 1638 178 33 cotisation.

441 1686 45 32 7°.
506 1686 45 32 Le
569 1686 130 33 nombre
719 1686 55 32 des
792 1686 156 32 membres
967 1690 49 28 est
1034 1685 131 33 illimite.

573 1794 255 38 ORGAWES
881 1796 69 36 DE
1003 1792 420 38 L’ASSOCIATION.

440 1871 45 31 8°.
513 1869 239 32 L’Association
780 1874 48 27 est
854 1870 204 31 administree
1086 1880 57 31 par
1171 1880 43 20 un
1242 1868 121 32 Conseil
1392 1866 50 33 elu
1469 1877 58 31 par
1554 1866 44 32 les

402 1917 155 31 membres
578 1916 130 31 suivant
728 1928 45 18 un
792 1916 93 31 mode
907 1916 173 31 determine
1101 1925 59 30 par
1179 1925 44 19 un
1243 1913 174 41 reglement
1436 1911 161 33 interieur.

441 1962 44 32 9°.
501 1962 45 32 Le
561 1960 123 34 Conseil
698 1960 114 32 choisit
827 1962 79 30 dans
923 1972 56 20 son
995 1961 66 31 sein
1076 1971 45 20 un
1136 1960 136 37 Bureau,
1289 1959 114 41 charge
1417 1958 182 42 d’expedier

399 2009 45 30 les
465 2007 124 32 affaires
611 2010 176 28 courantes.

445 2054 61 31 10°.
530 2054 52 30 Vu
603 2052 93 32 l’etat
717 2054 39 30 de
780 2051 174 42 dispersion
975 2052 56 32 des
1053 2051 166 37 membres,
1243 2050 43 32 les
1309 2049 224 33 deliberations
1556 2049 43 31 du

402 2098 122 32 Conseil
545 2103 74 26 sont
638 2110 39 19 en
697 2098 125 41 general
841 2097 98 43 prises
959 2109 57 30 par
1037 2096 364 42 correspondance.—Le
1421 2096 128 30 Bureau
1568 2105 31 21 se

402 2145 105 31 reunit
528 2145 122 41 chaque
669 2144 60 31 fois
751 2156 60 30 que
831 2144 28 31 le
878 2144 109 31 besoin
1008 2142 66 32 s’en
1094 2142 60 32 fait
1173 2141 107 33 sentir.

446 2190 61 33 11°,
521 2189 51 31 Vu
582 2189 92 33 l’etat
685 2190 38 30 de
735 2188 176 43 dispersion
923 2190 54 30 des
989 2189 164 35 membres,
1167 2189 22 30 il
1200 2189 55 40 n’y
1272 2199 19 19 a
1309 2199 58 30 pas
1385 2187 216 31 d’Assemblee

403 2235 152 42 generale.

686 2280 139 41 (Statuts
840 2291 177 31 approuves
1032 2280 29 30 le
1076 2283 15 27 l
1094 2285 23 15 er
1130 2290 91 28 mars,
1239 2280 101 38 1945.)

73 2832 145 19 Downloaded
227 2832 55 19 from
293 2832 389 25 https://www.cambridge.org/core.
692 2833 26 18 30
724 2833 37 23 Jun
771 2833 51 18 2021
835 2835 21 16 at
865 2833 102 21 16:11:33,
977 2832 82 25 subject
1066 2835 23 16 to
1097 2832 38 19 the
1144 2832 127 25 Cambridge
1281 2833 52 18 Core
1341 2835 68 16 terms
1417 2832 24 19 of
1448 2838 45 13 use.
