2055 2917
1422 94 101 34 Principles
1532 94 24 28 of
1562 94 32 28 the
1603 94 8 28 I
1611 94 25 28 PA
1647 94 71 33 (1949)
1762 97 39 25 301

619 298 276 23 INTEKNATIONAL
917 298 168 23 PHONETIC
1107 297 220 24 ASSOCIATION
1558 291 15 29 1

425 388 102 38 THE
553 387 406 39 INTERNATIONAL
986 387 246 39 PHONETIC
1259 387 268 39 ALPHABET

423 489 25 29 1.
493 486 64 31 The
577 486 152 40 alphabet
749 486 35 31 of
799 486 56 31 the
873 486 198 31 Association
1088 486 188 42 Phonetique
1293 486 242 31 Internationale
1552 486 27 30 is

382 544 39 22 an
437 531 153 42 alphabet
607 542 42 20 on
664 531 142 31 romanic
824 531 85 31 basis
926 531 150 42 designed
1091 532 168 41 primarily
1274 536 35 28 to
1325 536 86 26 meet
1426 530 154 43 practical

381 578 160 41 linguistic
569 577 107 38 needs,
707 577 78 32 such
815 589 34 20 as
878 579 133 40 putting
1040 589 42 20 on
1115 578 111 31 record
1263 577 55 32 the
1355 577 152 42 phonetic
1546 588 35 20 or

382 625 167 44 phonemic
574 627 161 28 structure
763 623 36 32 of
821 622 180 42 languages,
1030 622 180 42 furnishing
1235 623 137 32 learners
1400 623 36 32 of
1460 622 121 42 foreign

382 673 168 38 languages
568 669 79 31 with
664 669 153 41 phonetic
832 669 246 41 transcriptions
1096 673 35 27 to
1148 670 95 30 assist
1259 669 90 31 them
1366 669 33 31 in
1417 669 166 41 acquiring

383 717 53 32 the
461 715 256 42 pronunciation,
748 716 65 30 and
838 715 143 40 working
1011 718 58 28 out
1100 716 141 30 romanic
1268 713 240 42 orthographies
1533 715 49 30 for

385 765 168 37 languages
583 761 129 30 written
742 761 34 30 in
806 760 92 31 other
928 764 137 38 systems
1096 771 35 20 or
1160 760 49 31 for
1239 760 169 41 languages
1438 759 145 32 hitherto

386 807 181 34 unwritten.
611 807 179 31 Numerous
812 806 141 41 symbols
975 806 64 31 and
1060 806 108 31 marks
1190 817 53 20 are
1264 806 67 31 also
1352 806 165 41 provided,
1540 805 46 42 by

387 863 107 23 means
509 853 36 31 of
557 851 104 33 which
676 863 99 30 many
789 853 125 31 minute
929 851 114 33 shades
1059 853 36 31 of
1107 851 102 33 sound
1225 862 76 30 may
1316 851 38 32 be
1370 851 213 41 represented,

387 899 62 33 and
465 898 103 31 which
583 897 76 32 thus
674 898 113 31 render
801 897 56 32 the
873 897 152 42 alphabet
1041 897 71 32 well
1126 897 107 32 suited
1249 897 49 32 for
1312 909 55 20 use
1383 898 34 30 in
1432 897 154 32 scientific

387 945 252 41 investigations,
671 955 58 30 e.g.
761 944 34 31 in
826 944 221 41 dialectology,
1079 945 34 30 in
1143 943 56 32 the
1229 944 165 31 historical
1424 944 99 41 study
1553 943 36 31 of

388 992 178 39 languages,
580 991 64 30 and
656 991 32 30 in
701 991 218 39 comparative
932 988 173 42 philology.

429 1039 28 30 2.
500 1035 65 31 The
585 1035 151 41 alphabet
754 1036 28 30 is
800 1035 152 31 intended
970 1035 210 41 particularly
1198 1035 49 31 for
1265 1035 128 41 writing
1412 1034 175 32 connected

388 1085 96 30 texts.
527 1081 245 43 Consequently,
793 1082 33 30 in
845 1082 44 30 its
910 1082 219 30 construction
1150 1081 162 31 attention
1333 1081 56 30 has
1411 1081 79 31 been
1511 1079 76 42 paid

391 1132 55 29 not
471 1129 76 39 only
569 1131 35 28 to
628 1126 55 33 the
707 1127 276 41 appropriateness
1009 1127 36 32 of
1066 1126 76 33 each
1169 1126 96 33 letter
1287 1126 84 33 from
1395 1138 19 19 a
1437 1126 152 42 phonetic

391 1174 90 42 point
495 1174 36 30 of
542 1174 90 37 view,
649 1173 58 31 but
722 1173 66 31 also
802 1177 35 27 to
851 1173 56 31 the
922 1173 184 41 suitability
1119 1173 36 30 of
1165 1173 110 31 letters
1289 1173 82 30 from
1385 1172 56 31 the
1455 1172 120 42 psycho­

392 1220 111 42 logical
537 1219 64 31 and
634 1219 207 42 pedagogical
874 1219 107 40 angles
1016 1219 65 31 and
1115 1229 34 21 as
1184 1219 127 40 regards
1346 1217 243 42 typographical

392 1267 164 38 harmony,
573 1264 55 31 the
644 1264 96 31 needs
755 1264 36 31 of
802 1264 57 31 the
873 1265 124 41 printer
1011 1264 64 31 and
1090 1264 131 31 written
1235 1264 108 31 forms.

433 1313 27 30 3.
505 1310 66 31 The
601 1310 217 32 construction
848 1310 63 31 and
940 1321 55 20 use
1025 1310 36 31 of
1087 1310 55 31 the
1172 1310 235 31 International
1436 1309 156 32 Phonetic

393 1357 161 42 Alphabet
568 1367 53 21 are
637 1355 116 41 guided
769 1355 44 42 by
827 1355 56 33 the
897 1355 162 41 following
1072 1357 171 39 principles
1258 1366 6 22 :

476 1415 43 40 (a)
541 1413 103 32 When
674 1418 63 27 two
767 1414 119 31 sounds
916 1414 165 41 occurring
1109 1414 34 31 in
1173 1425 18 19 a
1221 1415 94 40 given
1349 1414 154 41 language
1540 1425 53 20 are

434 1460 168 42 employed
616 1460 49 31 for
680 1460 249 41 distinguishing
943 1471 60 20 one
1017 1460 88 31 word
1119 1460 83 31 from
1216 1460 144 38 another,
1379 1460 80 41 they
1479 1460 115 31 should

435 1505 167 33 whenever
615 1505 137 42 possible
766 1505 39 31 be
819 1505 203 42 represented
1036 1505 46 42 by
1095 1509 64 27 two
1179 1505 132 33 distinct
1331 1505 111 33 letters
1456 1505 138 33 without

435 1551 179 32 diacritical
629 1551 117 32 marks.
782 1551 159 42 Ordinary
957 1562 112 21 roman
1085 1551 111 32 letters
1213 1551 114 32 should
1343 1551 39 32 he
1399 1551 79 32 used
1495 1563 33 20 as
1545 1551 50 32 far

436 1610 35 19 as
489 1608 77 30 may
583 1598 38 31 be
639 1596 205 42 practicable,
862 1598 60 31 but
939 1608 144 21 recourse
1101 1600 88 29 must
1207 1596 38 33 be
1263 1598 64 31 had
1343 1600 36 29 to
1396 1608 71 21 new
1483 1598 111 31 letters

437 1643 92 31 when
541 1642 91 32 those
645 1643 36 31 of
689 1643 56 31 the
757 1654 112 20 roman
881 1643 154 41 alphabet
1047 1654 53 20 are
1112 1643 204 41 inadequate.

481 1702 40 40 (b)
544 1701 102 32 When
668 1704 65 28 two
754 1701 119 31 sounds
896 1712 51 20 are
970 1712 35 20 so
1027 1713 76 19 near
1125 1701 148 41 together
1293 1701 210 41 acoustically
1523 1700 74 32 that

439 1748 88 31 there
541 1748 26 31 is
580 1757 42 21 no
635 1746 173 32 likelihood
823 1746 36 32 of
868 1746 85 32 their
967 1745 94 42 being
1075 1748 168 39 employed
1256 1748 32 30 in
1303 1757 64 31 any
1379 1748 155 40 language
1549 1746 49 32 for

439 1792 248 42 distinguishing
705 1792 113 38 words,
838 1792 81 42 they
937 1792 124 38 should,
1082 1803 35 20 as
1137 1804 19 19 a
1175 1793 77 37 rule,
1273 1792 39 32 be
1331 1793 203 41 represented
1553 1792 46 41 by

439 1839 55 31 the
511 1850 86 20 same
613 1839 104 31 letter.
751 1838 151 42 Separate
917 1839 111 30 letters
1045 1848 34 21 or
1095 1839 178 30 diacritical
1287 1839 108 30 marks
1411 1848 85 30 may,
1513 1838 72 31 how­

440 1895 84 28 ever,
541 1884 38 32 be
595 1884 78 32 used
688 1888 35 28 to
739 1883 192 41 distinguish
945 1883 90 31 them
1049 1884 34 30 in
1101 1884 19 12 “
1132 1895 124 19 narrow
1269 1884 19 12 ”
1304 1884 243 41 transcriptions
1563 1894 36 20 or

441 1930 32 32 in
488 1929 153 33 scientific
655 1930 252 41 investigations.

484 1989 40 39 (c)
545 1988 66 31 The
646 1998 191 21 non-roman
872 1988 111 31 letters
1018 1989 37 30 of
1085 1988 56 31 the
1177 1989 234 30 International
1445 1988 155 31 Phonetic

441 2033 162 43 Alphabet
637 2033 82 31 have
755 2033 80 31 been
871 2033 150 41 designed
1057 2045 34 19 as
1125 2034 50 30 far
1210 2045 34 19 as
1282 2033 136 42 possible
1457 2038 35 26 to
1529 2033 59 33 har­

442 2080 120 31 monise
585 2079 70 31 well
677 2079 80 31 with
779 2079 56 31 the
859 2090 111 20 roman
989 2080 122 31 letters.
1139 2079 65 31 The
1226 2080 200 31 Association
1448 2079 74 31 does
1544 2084 59 26 not

442 2127 160 39 recognise
615 2124 175 33 makeshift
802 2124 112 33 letters
928 2136 7 27 ;
961 2126 26 31 it
1001 2127 176 39 recognises
1191 2126 77 40 only
1280 2126 110 31 letters
1403 2124 104 33 which
1520 2124 83 33 have

443 2171 81 31 been
541 2171 153 41 carefully
709 2175 55 27 cut
779 2182 34 20 so
831 2182 34 20 as
880 2175 35 27 to
932 2171 38 31 be
986 2172 33 30 in
1035 2171 158 41 harmony
1208 2171 79 31 with
1303 2171 55 31 the
1375 2171 92 31 other
1481 2171 122 31 letters.

446 2218 62 30 For
533 2218 154 38 instance,
715 2217 55 31 the
799 2217 103 31 Greek
927 2217 112 31 letters
1065 2217 149 31 included
1237 2218 33 30 in
1291 2217 55 31 the
1371 2217 234 31 International

447 2262 162 41 Alphabet
622 2273 53 21 are
689 2266 56 28 cut
758 2264 33 30 in
803 2273 113 21 roman
931 2262 216 41 adaptations.
1177 2262 94 38 Thus,
1286 2264 85 30 since
1384 2262 57 32 the
1455 2262 151 42 ordinary

448 2308 97 42 shape
561 2308 36 31 of
607 2308 56 31 the
679 2308 102 32 Greek
794 2308 96 31 letter
941 2308 76 31 does
1030 2313 59 26 not
1103 2308 179 31 harmonise
1297 2308 79 31 with
1389 2319 112 20 roman
1515 2313 89 37 type,

448 2356 34 30 in
501 2354 55 32 the
578 2354 234 32 International
831 2354 156 32 Phonetic
1007 2354 162 42 Alphabet
1187 2355 28 31 it
1234 2355 27 31 is
1281 2355 94 39 given
1395 2354 55 32 the
1471 2354 82 32 form
1573 2355 31 43 p.

73 2832 145 19 Downloaded
227 2832 55 19 from
293 2832 389 25 https://www.cambridge.org/core.
692 2833 26 18 30
724 2833 37 23 Jun
771 2833 51 18 2021
835 2835 21 16 at
865 2833 102 21 16:11:33,
977 2832 82 25 subject
1066 2835 23 16 to
1097 2832 38 19 the
1144 2832 127 25 Cambridge
1281 2833 52 18 Core
1341 2835 68 16 terms
1417 2832 24 19 of
1448 2838 45 13 use.
