2055 2917
251 97 41 25 352
337 94 76 29 Journal
423 93 20 30 of
452 94 32 29 the
494 94 129 29 International
634 93 90 30 Phonetic
734 93 125 30 Association:
870 93 36 30 The
917 94 128 29 International
1056 93 90 30 Phonetic
1157 93 90 35 Alphabet

396 296 38 30 52
777 305 65 22 THE
864 305 194 23 PRINCIPLES
1081 305 41 22 OF
1143 307 66 20 THE

395 386 90 40 inijal
494 398 16 19 e
521 386 33 31 in
567 386 159 31 akordans
735 387 62 31 wi5
811 387 144 31 Norharn
966 387 243 42 pronansieijon.
1236 387 159 32 Laikwaiz
1406 387 76 32 wiik
1495 387 101 33 formz

393 435 83 27 naast
486 432 137 41 jonarali
635 432 32 30 bi
679 432 122 42 ignord,
815 432 66 32 sins
893 432 31 33 5i
933 444 130 30 prouses
1075 444 42 21 oy
1125 434 93 37 riidirj
1233 432 177 33 demaandz
1425 432 54 33 Sat
1493 435 103 31 wardz

395 477 57 41 Jud
474 482 59 27 not
553 477 35 32 bi
608 478 84 41 spelt
714 479 32 30 in
768 490 69 19 mor
860 479 63 31 San
949 490 70 20 wan
1040 479 59 31 wei
1119 479 86 31 anles
1229 479 66 31 Seir
1315 490 36 20 ar
1371 479 69 31 veri
1459 479 138 42 koujent

395 524 116 30 riizonz
527 524 49 31 for
591 525 136 39 admitip
745 536 68 20 mor
831 525 63 31 San
909 536 69 20 wan
995 525 111 41 spelig.
1139 525 62 31 For
1219 525 30 31 Si
1265 525 79 31 seim
1358 525 100 31 riizon
1475 525 122 42 eligonz

395 569 64 31 and
480 569 207 41 asimileijonz
709 570 58 41 Jud
788 582 36 20 az
847 582 18 20 a
885 570 74 32 ruul
979 575 59 27 not
1053 570 33 32 bi
1107 570 178 32 indikeited
1305 572 34 30 in
1361 582 42 20 an
1425 572 171 40 orGografi.

396 615 38 30 In
444 626 50 20 sac
505 626 18 19 a
534 615 135 42 lapgwej
679 627 36 20 az
726 617 109 37 Frenc,
846 616 98 31 bweir
953 617 86 31 meni
1047 617 104 31 wardz
1161 627 35 20 ar
1206 616 151 41 saseptibl
1365 627 41 20 av
1418 616 18 13 “
1447 617 100 40 lipkip
1561 617 30 39 ”,

393 660 28 32 it
437 660 28 32 iz
482 662 168 31 advaizabl
666 665 38 28 tu
721 674 78 19 cuuz
818 663 31 31 Si
865 662 84 40 lipkt
965 663 100 31 formz
1082 674 36 19 az
1137 662 32 32 Si
1184 662 95 32 beisis
1296 663 49 31 for
1363 663 31 31 Si
1411 663 182 41 orGografik

395 706 109 32 formz.
533 707 117 31 FarSar
663 708 27 32 it
703 708 29 32 iz
746 708 90 32 often
849 708 203 41 konviinjent
1065 708 34 32 in
1113 719 41 21 an
1170 708 159 41 orGografi
1341 713 35 27 to
1391 708 121 32 denout
1525 719 67 21 sam

396 752 102 32 wardz
516 752 53 32 bai
587 754 223 31 anmisteikabl
828 754 18 12 “
859 754 85 31 ward
957 754 88 31 sainz
1056 754 30 38 ”,
1105 765 50 20 sac
1175 765 36 20 az
1231 754 30 31 bi
1279 754 48 31 for
1349 754 30 31 Si
1399 754 96 42 IpgliJ
1513 755 78 31 varb

398 798 17 12 “
428 797 40 33 be
482 798 19 12 ”
519 810 35 20 or
570 800 53 31 der
637 800 49 31 for
705 800 30 31 Si
753 801 131 31 Jarman
901 800 113 31 definit
1029 800 107 31 artikl.

437 844 49 31 On
501 845 200 41 saikolojikal
715 846 140 40 graundz
870 845 26 31 it
912 846 99 41 apiirz
1027 845 167 31 advaizabl
1209 856 38 20 az
1263 857 18 19 a
1297 846 72 32 ruul
1383 850 38 26 tu
1440 845 53 42 juz
1518 846 74 32 dabl

395 890 96 31 letarz
505 894 38 27 tu
561 891 120 31 denout
695 891 50 39 lop
761 892 120 30 saundz
894 892 32 30 in
939 892 188 41 orGografiz.

438 935 37 31 3i
489 936 119 40 folouip
626 948 35 19 ar
677 937 174 41 spesimenz
866 948 42 21 ov
923 937 110 39 Frenc,
1051 937 131 33 Jarman
1197 939 64 30 and
1278 937 150 32 Sinbaliiz
1446 937 147 40 (klasikal

395 982 87 39 stail)
494 983 84 30 riten
590 983 34 30 in
637 983 103 41 posibl
752 983 100 30 forinz
865 994 42 20 ov
920 983 220 42 Intarnajonal
1153 983 138 31 Fonetik
1304 983 105 41 Spelip
1427 994 49 20 :—

435 1027 46 32 La
497 1027 68 32 biza
581 1039 15 20 e
613 1029 28 30 la
656 1029 70 40 solej
744 1039 32 21 sa
793 1029 151 40 dispytst,
960 1029 107 40 Jakcep
1085 1033 132 38 asyrapt
1231 1029 23 31 k
1268 1029 23 31 il
1305 1033 65 27 etst
1386 1029 27 31 la
1428 1029 74 42 plyz
1517 1030 76 38 fort,

397 1073 79 40 kapt
488 1073 40 31 ilz
540 1078 57 36 opt
608 1085 46 30 vy
666 1085 49 29 cep
729 1074 173 42 vwajagcer
914 1075 33 30 lii
959 1086 14 19 s
985 1079 142 35 avapsst,
1140 1074 151 42 apvolope
1304 1075 82 40 dapz
1399 1085 56 30 sop
1469 1079 122 36 mapto.

434 1119 95 32 Ainst
541 1120 114 41 Jtriten
668 1120 52 31 zix
732 1121 145 31 nortvint
890 1125 60 27 unt
963 1132 88 27 zone,
1065 1132 75 20 veer
1153 1121 55 31 fon
1220 1121 87 31 iinen
1319 1121 118 31 baiden
1451 1122 74 30 vool
1537 1122 58 30 der

393 1164 136 41 Jtsrkere
542 1176 97 29 vsere,
654 1167 47 31 als
714 1167 54 31 ain
781 1167 163 38 vanderer,
960 1167 74 31 deer
1046 1168 34 30 in
1094 1168 94 30 ainen
1201 1177 133 21 varmen
1347 1168 123 30 mantel
1484 1168 111 41 gebylt

395 1222 88 26 vaar,
500 1211 55 31 des
571 1223 112 30 veeges
699 1212 117 31 daheer
830 1212 107 31 kaam.

434 1258 109 31 Uturu
560 1258 132 41 bulapga
711 1258 62 30 haa
791 1258 45 31 ira
853 1258 104 31 kauru
975 1258 90 42 vscjie
1083 1258 72 31 bala
1173 1258 219 42 sampannada
1410 1258 67 41 kija
1495 1258 97 32 beeda

396 1302 143 40 karaddi,
553 1303 145 32 unulium
713 1303 154 32 saaluvak
881 1315 216 32 peravaagena
1111 1305 74 30 inna
1200 1305 127 40 magiek
1340 1305 93 42 larjga
1447 1305 144 42 vuneeje.

818 1377 107 30 World
947 1377 218 34 Orthography

435 1432 66 31 The
524 1432 94 31 value
641 1433 36 31 of
696 1433 55 31 the
774 1433 117 41 special
913 1433 112 31 letters
1047 1433 36 31 of
1101 1433 57 31 the
1181 1433 235 31 International
1437 1433 156 31 Phonetic

395 1477 160 41 Alphabet
570 1479 32 29 in
615 1479 57 29 the
686 1479 219 31 construction
918 1479 36 32 of
965 1479 169 40 alphabets
1147 1479 49 31 for
1209 1479 128 31 various
1351 1479 170 40 languages
1536 1479 57 32 has

395 1523 80 31 been
498 1524 183 41 recognised
705 1524 46 42 by
774 1519 91 36 those
890 1524 195 42 responsible
1112 1524 49 31 for
1189 1524 55 32 the
1271 1528 122 38 system
1416 1524 117 32 known
1559 1536 34 20 as

397 1568 18 14 “
428 1570 109 31 World
567 1570 227 42 Orthography
895 1571 66 30 The
989 1571 110 31 World
1129 1571 228 41 Orthography
1385 1571 153 41 alphabet
1567 1571 26 31 is

395 1615 152 31 identical
560 1616 79 30 with
653 1616 74 32 that
741 1616 36 30 of
787 1616 55 30 the
857 1616 200 32 Association
1071 1616 200 41 Phonetique
1286 1621 114 36 except
1415 1616 73 32 that
1496 1616 21 41 j
1529 1616 64 32 and

396 1672 19 30 y
439 1672 53 20 are
516 1661 98 31 taken
638 1666 35 27 to
697 1662 82 30 have
803 1662 85 31 their
912 1662 133 41 English
1068 1662 209 31 consonantal
1299 1662 119 31 values.
1423 1663 12 19 1
1482 1662 110 31 World

396 1706 227 42 Orthography
648 1708 27 31 is
702 1718 71 21 now
799 1708 34 30 in
859 1718 55 21 use
942 1708 49 31 for
1017 1708 56 30 the
1100 1708 154 40 practical
1280 1708 127 40 writing
1434 1708 36 31 of
1494 1718 98 30 many

396 1752 169 41 languages
581 1753 36 31 of
629 1753 118 39 Africa,
763 1753 163 41 including
941 1753 106 31 Dinka
1063 1754 35 30 in
1112 1753 55 31 the
1183 1753 120 39 Sudan,
1320 1753 63 33 and
1400 1753 89 42 Igbo,
1507 1753 83 39 Efik,

396 1798 77 38 Twi,
499 1799 64 31 and
588 1800 75 30 Ewe
689 1800 33 30 in
747 1800 90 31 West
863 1800 117 31 Africa.
1049 1800 64 30 The
1140 1802 120 39 system
1285 1800 26 30 is
1338 1800 164 30 described
1527 1800 64 30 and

395 1844 200 41 exemplified
621 1846 34 30 in
683 1844 63 32 The
771 1846 154 31 Practical
951 1846 209 40 Orthography
1185 1846 36 40 of
1242 1846 133 40 African
1399 1846 191 40 Languages,

395 1890 169 41 published
587 1890 44 42 by
654 1890 55 31 the
735 1891 122 31 Oxford
881 1891 187 41 University
1092 1891 90 30 Press
1206 1891 50 30 for
1278 1891 56 30 the
1358 1891 234 31 International

395 1936 130 31 African
540 1936 164 32 Institute.
735 1937 65 30 The
815 1937 147 30 methods
978 1937 35 30 of
1025 1937 153 41 applying
1191 1937 111 31 World
1317 1937 226 41 Orthography
1556 1940 36 28 to

396 1981 170 41 languages
581 1982 36 30 of
629 1982 93 30 India
737 1982 57 30 has
807 1981 82 33 been
903 1981 165 33 described
1082 1982 34 32 in
1133 1982 62 30 The
1209 1982 140 33 Problem
1362 1982 36 42 of
1406 1993 21 21 a
1440 1982 153 32 National

395 2027 104 40 Script
504 2027 54 42 for
571 2028 106 38 India,
691 2028 46 42 by
749 2028 39 31 D.
805 2028 107 38 Jones,
927 2028 105 31 which
1045 2028 26 30 is
1086 2028 183 31 obtainable
1283 2028 33 30 in
1331 2028 94 31 India
1437 2028 84 31 from
1533 2028 60 31 the

395 2072 133 33 Pioneer
542 2073 101 38 Press,
660 2073 170 39 Lucknow,
847 2075 64 30 and
926 2075 34 30 in
975 2073 148 41 England
1139 2075 82 30 from
1237 2073 142 42 Stephen
1393 2075 118 30 Austin
1526 2075 65 30 and

396 2119 87 37 Sons,
501 2119 165 38 Hertford,
684 2131 35 19 or
734 2120 82 30 from
839 2120 55 31 the
913 2120 212 41 Department
1149 2120 33 30 of
1202 2120 179 37 Phonetics,
1407 2120 186 41 University

397 2165 133 40 College,
545 2165 145 39 London,
707 2166 85 31 W.C.
807 2167 26 30 1.

433 2234 10 15 1
453 2234 54 24 The
519 2235 207 29 representation
739 2235 30 23 of
779 2235 44 24 the
836 2234 191 25 International
1040 2234 126 25 Phonetic
1178 2243 16 22 y
1206 2235 27 23 in
1247 2234 88 25 World
1350 2234 185 33 Orthography
1547 2234 48 25 has

393 2276 48 22 not
455 2277 46 28 yet
517 2275 65 24 been,
596 2275 103 29 settled,
716 2275 48 24 but
777 2282 16 24 y
809 2275 46 24 lias
871 2275 65 23 been
951 2275 138 30 suggested
1104 2274 39 24 for
1158 2275 29 24 it.
1225 2275 61 24 This
1301 2275 86 24 would
1401 2282 71 17 seem
1487 2276 27 23 to
1531 2275 32 24 be
1578 2282 15 16 a

393 2315 168 31 satisfactory
575 2315 123 28 solution,
713 2316 70 23 since
797 2315 45 24 the
855 2315 99 24 sounds
967 2315 167 30 represented
1148 2315 36 31 by
1199 2315 44 24 the
1257 2315 194 25 International
1464 2315 127 24 Phonetic

395 2361 20 27 y
427 2354 53 23 and
491 2360 20 29 q
523 2361 43 16 are
576 2357 48 21 not
635 2354 96 23 known
740 2357 29 21 to
780 2361 77 16 occur
867 2361 29 17 as
906 2355 120 30 separate
1037 2353 141 31 phonemes
1189 2355 26 22 in
1226 2361 53 24 any
1289 2354 135 31 language.

73 2832 145 19 Downloaded
227 2832 55 19 from
293 2832 389 25 https://www.cambridge.org/core.
692 2833 26 18 30
724 2833 37 23 Jun
771 2833 51 18 2021
835 2835 21 16 at
865 2833 102 21 16:11:33,
977 2832 82 25 subject
1066 2835 23 16 to
1097 2832 38 19 the
1144 2832 127 25 Cambridge
1281 2833 52 18 Core
1341 2835 68 16 terms
1417 2832 24 19 of
1448 2838 45 13 use.
