2064 2923
73 2832 145 19 Downloaded
228 2833 54 19 from
293 2833 389 26 https://www.cambridge.org/core.
692 2835 26 18 30
724 2835 37 23 Jun
771 2835 51 18 2021
835 2837 21 16 at
866 2835 101 22 16:11:33,
977 2835 82 25 subject
1066 2838 23 16 to
1097 2835 38 19 the
1144 2836 127 25 Cambridge
1281 2837 52 18 Core
1341 2839 68 16 terms
1417 2836 24 19 of
1448 2842 45 13 use.

1432 99 99 29 Prncpjies
1541 100 61 26 ofte
1613 99 31 27 PA
1656 99 70 28 (1949)
1771 103 38 24 311

643 307 273 23 INTEBNATIONAL
937 311 170 21 PHONETIC
1128 309 217 23 ASSOCIATION
1559 303 34 30 11

516 390 315 31 ILLUSTRATIONS
853 391 51 30 OP
924 392 84 31 THE
1030 392 231 31 CONSONANT
1282 393 179 32 SYMBOLS

441 462 46 29 26.
531 469 28 28 p,
577 460 29 36 b,
624 463 23 33 t,
666 461 27 33 d,
711 461 29 35 k,
759 470 37 26 m,
814 470 29 27 n,
861 462 19 35 1,
899 464 14 29 f
929 463 65 31 and
1012 463 21 30 h
1050 462 83 31 have
1151 463 85 31 their
1258 474 146 21 common
1423 464 170 42 European

400 507 116 31 values.
568 505 65 31 The
658 505 108 31 values
791 506 36 31 of
848 506 55 33 the
928 509 92 31 other
1043 510 112 30 letters
1180 521 52 20 are
1257 510 201 42 exemplified
1481 511 34 30 in
1539 509 55 33 the

399 552 159 40 following
570 552 64 30 list.

400 634 24 29 g.
467 623 45 30 As
522 634 32 19 in
564 623 78 39 Eng.
653 626 54 38 gel,

398 670 20 36 j.
468 669 80 39 Eng.
569 679 21 30 y
608 667 33 31 in
660 673 57 35 yet,
737 679 81 30 you;
844 670 19 40 j
882 680 34 21 as
936 671 33 30 in

507 713 71 32 Ger.
590 714 87 31 Jahr.

398 771 24 20 r.
466 759 114 32 Rolled
621 769 15 21 r
678 770 35 20 as
753 760 34 31 in
829 761 140 31 Scottish

506 805 140 41 English,
670 805 128 39 Italian,
822 806 146 41 Spanish,

505 851 147 31 Russian.
680 851 65 31 The
755 851 97 32 letter
862 852 28 31 is
902 853 66 30 also

506 898 77 31 used
599 896 166 33 whenever
781 897 135 41 possible
933 902 35 28 to

506 942 115 32 denote
637 943 126 41 flapped
777 954 16 19 r
811 944 48 40 (r),
873 943 80 32 frica­

503 989 67 31 tive
587 999 16 20 r
623 990 50 38 (a),
690 989 119 41 lingual
825 989 129 32 friction­

503 1034 59 32 less
612 1034 188 33 continuant
849 1045 16 20 r
915 1037 50 39 (a),

505 1080 114 31 uvular
633 1080 98 31 rolled
747 1091 16 19 r
782 1081 53 40 (r),
853 1082 114 30 uvular

502 1126 148 32 fricative
691 1136 15 20 r
749 1127 44 39 (if)
835 1137 36 20 or
911 1127 56 31 the

503 1172 115 32 uvular
644 1171 191 33 frictionless
894 1183 58 22 con­

508 1218 129 31 tinuant
648 1219 52 40 (if).
714 1217 56 32 See
779 1219 14 40 §
801 1219 37 30 27
848 1219 48 38 (e),
906 1218 57 42 (/).

397 1275 20 19 s.
462 1264 44 31 As
519 1264 33 31 in
566 1264 79 40 Eng.
661 1274 56 27 see,
732 1265 50 30 Fr.
799 1274 63 28 son,
878 1268 60 28 etc.

396 1320 26 19 v.
464 1309 43 32 As
538 1320 18 20 v
585 1309 34 31 in
650 1310 91 40 Eng.,
772 1310 63 37 Fr.,
867 1310 96 38 Ital.;

502 1355 71 32 Ger.
591 1366 27 20 w
631 1367 6 26 ;
668 1355 92 31 Russ.
780 1366 28 20 b.

396 1411 36 22 w.
462 1401 44 31 As
526 1401 34 31 in
582 1401 79 41 Eng.
684 1400 72 39 will,
778 1400 99 40 walk;
910 1402 52 31 Fr.

501 1458 40 20 ou
553 1447 33 31 in
600 1452 96 26 ouate.

394 1503 25 20 z.
461 1492 44 32 As
534 1493 34 31 in
597 1493 81 41 Eng.
709 1492 72 38 zeal,
812 1493 52 31 Fr.
894 1493 67 32 zele.

501 1537 93 33 Russ.
612 1549 25 22 a.

395 1588 20 38 [.
459 1584 102 31 Hindi
626 1585 57 39 (?);
726 1584 140 31 Swedish
884 1590 28 26 rt
929 1585 33 30 in

499 1630 73 31 kort.

393 1678 30 41 <[.
458 1675 102 31 Hindi
620 1675 65 41 (d);
722 1675 141 31 Swedish
878 1675 36 32 rd
927 1676 34 31 in

498 1721 79 32 bord.

391 1777 23 21 c.
456 1766 146 33 Cardinal
612 1768 103 37 value,
726 1778 35 20 as
769 1766 34 32 in
812 1766 148 33 dialectal

497 1813 51 32 Fr.
569 1813 245 41 pronunciation
834 1813 35 30 of
887 1814 74 41 quai

499 1859 79 39 (ce);
611 1859 107 41 Hung,
739 1864 31 36 ty
788 1859 34 30 in
841 1859 95 42 k/utya
952 1871 7 27 ;

497 1904 128 32 Persian
637 1904 19 32 k
667 1904 33 32 in
712 1904 60 41 yak
785 1905 92 39 (one).
901 1904 57 33 See

497 1950 65 31 also
572 1950 15 40 §
599 1951 38 30 29
652 1950 52 40 (a).

388 2005 20 29 j.
454 1996 145 31 Cardinal
610 1996 102 38 value,
724 2006 33 21 as
768 1996 32 30 in
810 1996 148 31 dialectal

494 2041 51 33 Fr.
559 2041 245 42 pronunciation
818 2041 36 31 of
862 2053 96 30 guepe

495 2088 111 39 (je:p);
637 2088 106 40 Hung,
760 2099 40 30 gy
815 2088 34 31 in
865 2099 89 30 nagy.

493 2133 56 32 See
559 2133 67 32 also
636 2135 15 39 §
664 2135 38 30 29
716 2134 53 39 (a).

384 2201 28 27 q.
450 2190 117 34 Arabic
587 2190 28 37 3
630 2203 6 27 ;
667 2191 132 31 Eskimo
820 2203 32 19 k.

384 2260 24 20 g,
453 2249 66 31 The
559 2249 244 41 corresponding
844 2250 110 31 voiced

492 2296 112 31 sound.
684 2296 66 30 One
790 2296 92 31 value
922 2296 36 31 of

492 2353 129 32 Persian
633 2352 39 38 3-

1022 623 26 33 ?.
1088 626 43 30 As
1164 626 34 31 in
1233 626 104 31 North
1372 626 71 31 Ger.
1484 627 110 32 Verein

1131 668 161 43 (fsrJain).
1320 672 118 31 Arabic
1451 672 124 32 hamza.

1020 735 38 32 ig.
1091 726 72 32 Ital.
1180 726 214 37 nininvidia;
1421 726 95 40 Span,
1528 727 64 31 win

1127 772 119 41 anfora.
1286 771 56 31 See
1361 772 15 40 §
1389 772 38 30 27
1442 772 54 40 (a),

1019 834 30 29 ip
1087 823 140 32 Marathi
1244 829 30 30 H
1289 824 57 40 («).

1019 887 30 28 ji.
1087 877 50 30 Fr.
1154 876 63 31 and
1231 876 73 32 Ital.
1317 888 42 28 gn
1372 886 7 28 ;
1407 876 95 40 Span.
1517 888 32 20 n.

1018 939 28 28 i),
1088 930 79 39 Eng.
1186 939 41 30 ng
1241 930 33 30 in
1292 928 69 41 sing
1373 939 8 27 ;
1412 928 69 32 Ger.
1502 939 39 30 ng
1557 928 31 31 in

1126 975 102 41 Ding;
1267 974 94 42 Span,
1389 985 22 19 n
1436 974 32 30 in
1496 974 92 38 cinco,

1126 1026 93 36 tengo,
1234 1024 60 28 etc.

1018 1083 24 20 n.
1082 1074 44 31 As
1136 1073 33 31 in
1179 1073 132 31 Eskimo
1324 1074 89 28 esina
1426 1072 161 41 (melody),

1017 1127 28 28 i.
1084 1127 81 39 Eng.
1185 1125 10 31 I
1212 1125 33 31 in
1263 1124 76 32 table
1352 1136 7 26 ;
1383 1124 139 31 Russian
1540 1135 23 20 ji
1577 1136 8 26 ;

1125 1182 59 20 one
1203 1172 126 40 variety
1347 1170 36 31 of
1400 1170 107 31 Polish
1526 1171 19 31 l.

1017 1226 29 28 i.
1086 1224 106 31 Welsh
1220 1224 22 31 ll
1267 1233 35 21 as
1328 1224 34 30 in
1388 1221 197 41 Llangollen;

1125 1269 105 32 Kaffir
1263 1268 31 32 hi
1329 1279 34 20 as
1396 1268 34 30 in
1465 1267 121 32 hlarnba

1125 1315 120 41 (wash).

1016 1369 26 43 ij.
1073 1368 81 32 Zulu
1167 1368 52 31 did
1233 1378 35 20 as
1282 1367 33 31 in
1330 1366 71 32 dhla
1418 1366 86 40 (eat),

1016 1423 24 38 h
1083 1419 140 33 Marathi
1232 1429 37 27 53
1281 1419 45 40 (I).

1015 1477 28 26 A.
1083 1473 74 32 Ital.
1174 1472 31 42 gl
1221 1472 33 31 in
1272 1471 66 42 egli,
1355 1470 44 42 gli
1416 1471 32 30 in
1466 1470 117 41 voglio;

1118 1519 95 42 Span,
1231 1518 20 31 ll
1265 1519 33 30 in
1313 1516 62 32 alia
1388 1527 7 27 ;
1433 1516 101 32 Greek
1550 1516 32 31 At

1121 1566 32 30 in
1165 1564 100 43 rjXios.

1011 1629 26 28 ]*.
1082 1617 100 33 Czech
1197 1616 24 32 f.

1011 1677 22 21 t.
1080 1664 95 41 Span,
1191 1674 15 19 r
1219 1663 33 30 in
1265 1672 81 30 pero.

1011 1721 23 31 p
1076 1709 165 32 Retroflex
1256 1707 75 41 flap,
1349 1706 137 40 starting
1503 1705 79 31 with

1117 1753 190 34 retroflexed
1352 1756 118 36 tongue
1517 1750 64 32 and

1117 1801 131 39 moving
1272 1798 55 31 the
1352 1798 51 40 tip
1428 1797 152 31 forwards

1118 1847 64 31 and
1213 1843 196 33 downwards
1440 1852 35 22 so
1506 1843 73 31 that

1116 1892 55 31 the
1190 1891 100 31 under
1307 1890 67 31 side
1391 1887 115 32 strikes
1524 1887 55 31 the

1116 1936 199 41 teeth-ridge.
1344 1934 102 32 Hindi
1516 1934 62 39 (r);

1116 1985 55 31 the
1198 1982 18 13 “
1228 1982 90 31 thick
1342 1981 9 31 l
1365 1981 19 12 ”
1409 1990 33 21 as
1465 1981 34 30 in
1523 1978 55 32 the

1116 2030 136 31 Eastern
1285 2026 187 40 Norwegian
1507 2035 57 32 pro­

1115 2074 186 33 nunciation
1320 2072 35 31 of
1373 2072 65 31 Ola.

1007 2139 26 21 r.
1075 2130 66 31 One
1153 2127 126 40 variety
1289 2125 36 31 of
1332 2124 143 32 Parisian
1487 2123 50 31 Fr.
1550 2132 24 21 r.

1116 2174 55 31 See
1185 2174 14 40 §
1212 2173 37 30 27
1264 2171 55 40 (d),
1333 2170 48 40 (e).

1007 2226 30 42 $.
1074 2227 161 41 Frequent
1248 2224 71 32 Ger.
1332 2222 245 41 pronunciation

1115 2272 35 31 of
1158 2283 27 20 w
1194 2271 34 30 in
1239 2269 159 32 Schwester
1411 2278 8 28 ;
1444 2268 132 31 Tswana

1107 2318 40 42 f;
1175 2317 157 41 Japanese
1348 2313 20 33 h
1381 2313 107 31 before
1504 2324 23 20 u
1541 2324 35 19 as

1113 2365 33 30 in
1159 2362 85 33 Huzi
1257 2360 111 41 (Fuji).
