2055 2917
1422 94 101 34 Principles
1532 94 24 28 of
1562 94 32 28 the
1603 94 8 28 I
1611 94 25 28 PA
1647 94 71 33 (1949)
1762 97 39 25 321

634 301 273 24 INTERNATIONAL
928 304 167 21 PHONETIC
1117 305 217 23 ASSOCIATION
1541 297 38 30 21

919 388 129 33 English

917 443 136 32 {Scottish)

428 510 41 39 [p,
482 514 23 32 t,
523 510 21 30 k
556 510 216 41 unaspirated,
801 511 12 29 1
826 510 119 41 always
959 510 81 31 dark
1055 511 50 40 (—
1119 513 42 38 i).
1190 522 17 21 r
1219 523 18 20 a
1251 513 120 40 lingual
1384 513 59 31 roll
1457 523 35 21 or
1507 514 73 39 flap,

387 557 19 34 i,
422 565 25 26 e,
465 565 25 26 o,
508 565 17 21 o
541 556 81 31 have
639 556 100 31 about
752 556 140 31 cardinal
902 556 117 32 values,
1053 568 26 25 e,
1095 568 18 20 a
1125 569 82 30 vary
1217 559 81 30 with
1306 558 203 39 individuals,
1523 558 59 31 hut

386 612 53 19 are
449 601 89 30 often
549 601 101 32 about
659 601 152 33 cardinal,
833 613 21 20 u
868 618 34 3 —
916 612 57 22 m+.
998 605 20 34 i,
1030 613 25 26 e,
1069 613 25 26 o,
1106 613 20 21 u
1138 615 53 19 are
1207 604 73 41 long
1295 604 111 42 finally
1417 604 63 31 and
1490 604 92 31 when

386 647 145 31 followed
547 647 45 42 by
605 648 184 30 inflexional
806 649 30 30 -d
851 659 35 19 or
902 659 36 25 -z,
956 648 167 33 otherwise
1139 649 110 39 short;
1283 651 110 39 a'griid
1407 651 56 30 has
1480 651 88 30 there­

386 694 66 30 fore
465 703 18 20 a
496 693 73 40 long
583 695 10 29 i
605 694 65 31 and
683 695 116 30 sak'sid
809 705 20 19 a
842 694 89 31 short
943 695 82 40 one.]

429 750 36 31 So
484 751 76 30 nor9
579 751 90 32 wind
687 751 62 32 and
770 751 37 32 So
819 763 60 20 SAn
896 763 62 21 wor
974 753 175 42 dis'pjutig
1171 754 97 41 hwitj
1287 765 62 20 wez
1372 755 36 30 Ba
1427 759 156 34 stronger,

386 796 90 32 hwen
496 808 17 20 o
533 798 120 30 travlor
673 797 74 32 kem
766 798 66 41 alog
855 802 74 37 rapt
950 809 37 20 in
1007 810 16 19 a
1045 810 96 21 worm
1161 799 84 32 klok.
1291 799 36 32 5e
1348 799 100 40 egri:d
1471 801 52 30 Sot
1546 799 37 32 So

387 853 73 21 WAn
478 841 45 33 hu
541 843 79 31 forst
638 844 144 31 soksidid
801 855 36 20 in
856 844 109 41 mekig
989 845 36 30 So
1045 845 120 31 travlor
1183 845 55 31 tek
1257 845 55 31 hiz
1330 845 77 31 klok
1426 845 33 31 of
1474 845 58 41 Jud
1551 845 34 30 bi

387 888 173 31 kansidard
578 893 143 36 stroggar
740 889 60 32 Son
820 891 30 30 Si
869 891 87 31 ASor.
1007 891 57 30 Sen
1079 891 36 30 So
1131 891 77 31 nor9
1223 891 90 31 wind
1325 891 57 31 blu
1399 891 67 31 wi9
1485 891 28 31 ol
1529 891 56 30 hiz

387 935 89 36 moit,
494 935 54 30 bat
567 935 37 30 So
621 946 70 19 mor
706 935 34 31 hi
755 935 57 31 blu
830 935 36 31 So
883 946 69 20 mor
968 936 97 31 klosli
1081 936 58 30 did
1159 936 37 31 So
1211 936 120 31 travlor
1347 936 66 31 fold
1430 936 54 31 hiz
1508 936 75 30 klok

387 981 121 30 araund
525 981 90 38 him;
645 981 61 30 and
724 985 33 28 at
775 981 62 32 last
856 982 37 31 Sa
911 982 76 31 nor0
1005 983 89 30 wind
1111 993 61 28 gev
1189 994 43 29 Ap
1252 983 31 30 Si
1301 985 131 38 atempt.
1469 983 58 30 Sen
1547 982 36 31 Sa

387 1037 60 19 sau
464 1026 53 40 Jon
532 1030 55 26 aut
604 1026 133 39 wormli,
754 1026 61 31 and
831 1026 169 43 I'midjatli
1013 1027 38 32 Sa
1063 1027 118 32 travlor
1198 1027 60 32 tuk
1275 1029 32 30 of
1321 1029 55 30 hiz
1393 1027 84 32 klok.
1522 1027 61 32 and

388 1083 34 20 so
441 1073 36 30 Sa
494 1073 75 30 nor0
585 1073 90 30 wind
691 1084 63 20 waz
771 1073 148 41 ablaidgd
934 1078 31 26 ta
982 1073 107 31 kanfss
1107 1073 54 31 Sat
1179 1074 36 30 Sa
1232 1084 60 20 SAn
1307 1084 64 20 waz
1390 1074 36 30 Sa
1442 1078 143 35 stroggar

388 1128 40 21 av
447 1117 36 32 Sa
500 1121 47 29 tu.

921 1211 130 35 English

812 1266 66 30 (One
892 1265 69 25 form
975 1266 30 24 of
1016 1266 149 33 American)

430 1323 119 38 [Broad
568 1323 239 40 transcription,
829 1323 80 31 with
928 1326 147 28 sentence
1095 1325 95 29 stress
1210 1323 141 31 marked.
1393 1324 12 29 1
1423 1323 25 31 is
1469 1323 117 40 always

388 1368 81 30 dark
482 1368 49 40 (=
543 1368 42 39 d).
610 1371 13 27 t
637 1367 160 41 following
809 1379 18 19 a
839 1368 137 30 stressed
987 1368 101 31 vowel
1097 1368 64 31 and
1169 1368 171 41 preceding
1351 1379 42 19 an
1405 1368 181 31 unstressed

389 1425 58 19 one
465 1414 26 30 is
509 1425 18 19 a
545 1414 113 31 voiced
676 1414 64 41 flap
758 1414 191 41 resembling
965 1423 32 28 r;
1030 1414 66 31 this
1114 1414 103 31 sound
1234 1425 76 30 may
1327 1414 39 31 be
1383 1414 203 41 represented

388 1459 157 41 narrowly
560 1459 44 41 by
619 1463 24 35 J,
658 1459 76 30 thus
753 1459 92 32 ’taiti
860 1483 33 3 —
909 1459 98 32 'taiti
1041 1470 16 19 r
1072 1470 76 30 may
1162 1459 39 32 be
1215 1459 149 32 fricative
1379 1459 59 32 but
1453 1461 27 30 is
1499 1470 87 21 more

388 1504 89 31 often
495 1516 19 19 a
530 1505 192 31 frictionless
740 1506 199 30 continuant,
975 1516 17 20 i
1006 1521 35 12 =
1055 1509 35 27 at
1127 1516 16 20 e
1162 1505 64 31 and
1244 1516 17 20 o
1279 1516 52 20 are
1349 1505 89 31 often
1455 1505 132 41 slightly

388 1551 213 43 diphthongal
616 1553 54 37 (el,
689 1553 58 37 oo).
790 1560 16 22 o
820 1552 57 30 has
892 1551 216 32 considerable
1129 1551 228 42 lip-rounding,
1399 1563 19 20 a
1435 1566 33 11 =
1486 1561 34 21 aj-
1535 1553 51 38 (se)

389 1601 114 37 except
517 1596 33 31 in
565 1596 55 33 the
634 1596 195 42 diphthongs
844 1606 45 27 at,
908 1599 62 37 ao.]

433 1654 37 31 5a
489 1655 82 30 'noiO
591 1655 97 30 'wind
703 1666 22 19 n
742 1655 37 30 59
799 1655 62 30 'son
877 1666 44 19 wi
940 1655 137 41 'a.igjuig
1095 1666 70 20 won
1184 1655 47 30 'de
1246 1655 96 31 ebaot
1361 1655 106 41 'hwitj
1481 1666 40 20 av
1537 1666 50 19 9m

389 1711 65 20 waz
473 1701 142 39 'stroggi,
633 1701 92 30 hwen
742 1711 16 20 9
778 1701 4 13 1
787 1699 119 33 travail
921 1701 74 31 kem
1011 1701 77 39 9'log
1111 1701 81 40 'rapt
1211 1701 47 40 'ep
1276 1713 35 19 m
1329 1711 32 20 iz
1382 1701 132 31 'ovikot.
1550 1701 36 30 be

411 1746 78 39 'grid
508 1746 54 30 Sat
581 1745 38 31 Sa
640 1746 77 30 'wgn
735 1746 44 30 hu
797 1746 63 30 kad
881 1746 81 30 'mek
982 1746 36 30 Sa
1040 1746 128 31 'travail
1189 1746 63 31 'tek
1270 1758 33 19 iz
1324 1746 65 30 'kot
1411 1746 42 30 'of
1467 1746 70 31 wad
1556 1746 31 30 bi

389 1791 166 32 kan'sidid
579 1792 133 39 'stroggi
734 1792 60 31 San
817 1793 37 30 5a
878 1792 63 31 'ab.r
962 1803 78 20 wan.
1085 1792 69 31 'Sen
1177 1793 37 30 Sa
1238 1793 83 30 'noi0
1346 1792 97 31 'wind
1467 1792 65 31 'hlu
1552 1803 35 20 9Z

394 1837 89 32 'hard
502 1848 35 21 az
556 1839 10 30 i
590 1837 81 38 'kod,
692 1837 55 32 bat
769 1837 37 32 5a
829 1837 106 32 'haidi
953 1839 10 30 i
986 1837 65 32 'blu
1071 1837 37 32 5a
1131 1839 92 30 ‘taiti
1244 1837 37 32 5a
1304 1839 128 30 'travail
1453 1837 82 42 'rapt
1555 1848 32 21 iz

391 1883 57 30 kot
465 1883 130 31 a'raond
613 1895 57 25 im,
691 1894 21 20 n
729 1888 32 26 at
783 1883 70 31 'last
873 1884 36 30 5a
931 1884 82 30 'noi0
1035 1883 97 31 'wind
1153 1884 68 39 'gev
1238 1894 38 31 ap
1298 1884 122 40 'trang.
1461 1883 68 31 'Ben
1550 1883 37 31 Ba

394 1930 63 30 'san
471 1929 113 39 ba'gan
597 1933 32 27 ta
647 1930 80 39 'fain
743 1930 78 36 'bat,
836 1941 21 19 n
874 1930 75 30 'rait
963 1930 74 30 a'we
1054 1930 37 30 Ba
1108 1929 129 31 'travail
1252 1930 66 30 'tok
1333 1941 31 19 iz
1382 1930 65 30 'kot
1461 1930 40 36 of,
1519 1941 19 30 p
1553 1939 34 21 so

393 1975 36 30 5a
447 1974 83 31 'noi0
548 1974 97 31 'wind
662 1974 65 31 'hat
741 1978 32 27 ta
787 1974 116 31 ad'mit
920 1974 53 31 Bat
988 1974 37 31 Sa
1043 1975 63 30 'san
1121 1986 63 19 waz
1203 1975 132 40 'stroggi
1351 1974 58 31 Ban
1427 1974 41 31 'hi
1483 1985 73 20 waz.

928 2068 121 30 French

826 2123 66 31 (One
904 2123 67 24 form
983 2123 30 23 of
1022 2123 129 32 Parisian)

434 2176 117 39 [Broad
568 2176 240 42 transcription.
845 2176 102 31 Stress
965 2176 72 31 falls
1055 2188 41 19 on
1114 2176 76 30 final
1208 2176 157 41 syllables,
1384 2176 60 30 but
1461 2176 91 30 when
1570 2187 19 19 a

391 2223 208 40 polysyllabic
616 2221 87 32 word
718 2223 27 30 is
761 2223 69 30 said
847 2223 79 30 with
943 2223 159 40 emphasis
1118 2223 49 30 for
1183 2223 156 39 intensity
1355 2232 41 21 an
1412 2221 179 33 additional

391 2272 97 27 stress
507 2269 26 30 is
554 2268 111 40 placed
687 2279 41 19 on
748 2267 55 31 the
825 2268 71 30 first
916 2268 132 41 syllable
1070 2268 173 40 beginning
1263 2267 79 31 with
1364 2279 18 19 a
1403 2271 184 28 consonant,

392 2323 29 28 p,
436 2317 24 33 t,
473 2315 22 29 k
509 2314 215 41 unaspirated,
753 2317 23 33 t,
795 2315 19 29 d
829 2314 159 41 generally
1001 2314 118 30 dental,
1149 2323 16 21 r
1180 2329 35 11 =
1228 2323 29 21 e.
1287 2315 19 34 i,
1327 2323 24 26 e,
1370 2323 26 26 e,
1414 2323 27 26 a,
1461 2322 26 28 a,
1507 2323 15 21 o
1538 2325 51 19 are

392 2359 99 32 about
506 2359 149 32 cardinal,
689 2369 24 25 o,
731 2369 21 20 u
764 2375 35 11 =
812 2369 38 26 o+,
865 2369 42 20 u+.
941 2370 16 21 a
973 2375 34 11 ==
1023 2370 34 20 si
1088 2370 20 28 y
1118 2359 26 30 is
1155 2358 209 33 consonantal
1378 2359 49 40 (=
1439 2363 33 36 q)
1485 2359 106 30 before

73 2832 145 19 Downloaded
227 2832 55 19 from
293 2832 389 25 https://www.cambridge.org/core.
692 2833 26 18 30
724 2833 37 23 Jun
771 2833 51 18 2021
835 2835 21 16 at
865 2833 102 21 16:11:33,
977 2832 82 25 subject
1066 2835 23 16 to
1097 2832 38 19 the
1144 2832 127 25 Cambridge
1281 2833 52 18 Core
1341 2835 68 16 terms
1417 2832 24 19 of
1448 2838 45 13 use.
