2055 2917
1422 94 101 34 Principles
1532 94 24 28 of
1562 94 32 28 the
1603 94 8 28 I
1611 94 25 28 PA
1647 94 71 33 (1949)
1762 97 43 25 337

639 295 272 22 INTERNATIONAL
933 296 168 22 PHONETIC
1123 296 217 23 ASSOCIATION
1550 288 37 31 37

921 391 134 35 Panjabi

913 454 153 33 (Northern)

431 526 35 38 ft,
490 527 19 29 d
529 526 118 31 dental,
689 535 16 21 r
725 536 20 21 a
765 526 100 40 single
886 526 64 40 flap
971 526 35 31 of
1024 526 55 31 the
1100 529 128 37 tongue,
1275 536 24 27 c,
1317 538 13 28 j
1352 538 53 20 are
1426 528 161 30 affricates

391 571 160 40 (varieties
566 571 36 30 of
613 572 28 39 ff,
659 571 51 41 dj).
755 582 29 26 p,
801 576 23 31 t,
841 582 24 25 c,
880 572 30 35 k,
927 571 138 31 without
1079 571 162 41 following
1256 574 30 33 h,
1304 583 53 21 are
1369 572 217 42 unaspirated.

388 626 21 21 a
427 617 63 30 and
509 628 24 30 ip
554 617 79 31 tend
650 622 35 26 to
703 617 135 32 nasalise
856 618 118 30 vowels
991 622 80 26 next
1089 622 34 27 to
1142 618 98 31 them,
1277 629 20 19 v
1312 634 35 10 =
1360 629 28 21 u.
1426 629 24 26 i,
1471 629 19 20 o
1507 630 34 20 as
1552 619 35 31 in

388 662 133 41 English
537 662 34 39 it,
585 668 67 35 put.
685 673 15 21 a
718 662 168 32 resembles
908 664 134 39 English
1057 674 28 20 a.
1119 673 16 21 e
1151 679 35 11 =
1201 673 32 22 £t
1250 665 62 38 (se).
1346 664 14 10 A
1373 668 179 38 represents
1568 676 18 20 a

387 702 77 48 high
479 713 75 27 tone
567 720 6 26 ;
601 709 27 31 it
644 709 158 41 normally
817 709 72 31 falls
905 708 60 32 but
980 710 27 30 is
1023 709 90 31 often
1125 710 80 32 level
1221 710 32 30 in
1270 710 175 32 connected
1461 710 124 42 speech.

388 783 7 12 £
407 755 28 30 is
445 755 78 30 used
532 755 229 42 provisionally
771 759 35 28 to
817 758 162 37 represent
989 767 18 19 a
1018 756 61 30 low
1089 756 100 41 rising
1197 759 77 28 tone
1286 767 6 26 ;
1304 756 91 31 when
1405 757 106 30 initial
1521 757 28 30 it
1559 757 27 30 is

387 800 228 41 accompanied
628 800 45 41 by
688 812 19 19 a
723 800 97 42 slight
837 801 187 41 aspiration,
1041 801 77 32 thus
1135 831 6 11 t
1145 803 30 30 oi
1190 817 35 11 =
1239 803 20 30 fi
1262 831 7 14 (
1273 804 30 29 oi
1318 801 81 32 with
1415 813 18 20 a
1450 801 89 33 weak
1555 803 28 30 fi.

387 875 8 13 ,
409 846 64 31 and
485 845 15 12 A
517 858 76 29 may
611 857 95 21 occur
724 858 41 19 on
783 847 55 31 the
857 858 87 21 same
963 847 144 41 syllable,
1131 847 54 32 the
1207 876 6 14 (
1233 847 170 43 preceding
1421 848 56 31 the
1487 847 15 11 A
1504 873 7 12 ,
1526 858 59 31 e.g.

388 902 15 21 c
406 921 6 12 £
417 890 71 42 $i)gi
506 893 180 42 (coppice).]

427 950 112 41 porbot
554 950 33 31 di
603 961 41 20 va
659 955 33 26 te
707 950 60 31 dru
782 951 41 30 da
839 962 93 30 apeic
950 953 11 18 1
976 962 16 21 c
995 981 6 11 (
1005 962 73 30 ogpa
1094 953 26 30 si
1132 951 52 41 poi
1199 951 100 44 sacfcje
1315 962 94 22 vicco
1423 953 76 42 kq;a
1510 951 76 42 baja

386 999 93 39 toypa
496 1008 25 19 e.
556 996 36 31 i,k
607 997 49 30 rai
670 997 54 41 lay
725 1008 18 19 a,
760 997 107 31 aunda
883 997 37 38 si,
933 1008 48 31 jis
997 1009 87 29 gorm
1094 997 43 32 loi
1153 997 96 42 duaje
1265 998 90 42 vf.efi
1375 1027 6 13 {
1385 999 32 30 oi
1432 999 36 30 si.
1501 1009 85 20 onna

386 1043 75 31 fssla
478 1041 71 33 kita
566 1044 53 39 poi
635 1043 65 42 je^a
719 1044 68 41 pele
803 1044 48 30 rai
869 1044 34 30 di
921 1044 42 30 loi
981 1044 92 37 lu.ae,
1093 1044 54 31 uoi
1163 1043 101 32 hauta
1283 1047 56 38 toy
1345 1055 30 30 [a.
1393 1055 190 30 somjeajae.

385 1088 79 42 pher
475 1087 111 42 porbot
598 1088 35 31 di
643 1100 42 19 va
695 1099 78 31 pure
785 1100 54 19 zor
850 1089 55 41 na]
917 1100 124 30 voggorp
1052 1089 74 41 layi.
1150 1100 57 30 par
1214 1100 96 30 jmna
1323 1100 34 21 os
1371 1089 41 42 pil
1423 1089 68 32 laea
1503 1100 82 21 onne

386 1134 84 31 vadd
484 1145 54 20 zor
551 1134 56 42 naf
621 1135 49 30 rai
683 1135 42 30 loi
740 1135 95 41 duafe
850 1135 112 41 vf^efi;
989 1134 114 42 chekpe
1118 1146 41 19 va
1173 1135 96 41 khepa
1285 1135 80 41 chacf
1379 1135 98 31 dutta.
1507 1135 80 42 pher

386 1179 99 32 oddro
499 1179 78 42 cfacfi
591 1184 14 27 t
608 1209 6 12 £
616 1190 67 31 upp
697 1179 74 42 rakf
785 1181 60 40 pai.
874 1184 33 28 te
922 1191 16 20 c
941 1211 6 10 £
951 1184 34 37 oj;
998 1184 56 37 pop
1067 1191 35 20 os
1113 1181 41 31 loi
1165 1181 30 30 la
1207 1181 50 31 lei.
1285 1184 33 28 te
1333 1191 40 21 va
1388 1191 45 21 nu
1447 1191 139 30 monrupa

385 1236 60 31 pea
459 1225 53 42 pai
526 1226 120 42 sacjtpea
661 1226 62 31 doa
739 1237 19 19 v
764 1237 67 20 icco
847 1226 60 30 dru
921 1230 94 38 toypa
1029 1238 26 19 e.

920 1332 131 33 Bengali

837 1399 132 33 (Calcutta
982 1399 150 32 colloquial)

425 1471 116 39 [Stress
561 1471 26 31 is
608 1474 59 28 not
687 1474 119 38 strong.
849 1471 84 31 Such
953 1474 98 28 stress
1072 1483 35 19 as
1127 1471 89 31 there
1237 1472 26 30 is
1283 1471 72 31 falls
1377 1483 41 19 on
1438 1471 55 32 the
1515 1471 70 32 first

383 1518 149 40 syllables
553 1518 34 30 of
604 1518 102 30 words
727 1516 36 32 of
779 1528 87 20 more
885 1518 80 30 than
986 1528 59 20 one
1065 1516 143 42 syllable,
1229 1521 114 37 except
1363 1518 92 30 when
1474 1518 111 30 shown

383 1563 177 31 elsewhere,
599 1573 28 26 p,
645 1566 23 33 t,
686 1566 72 34 etc.,
775 1563 139 30 without
929 1562 162 42 following
1107 1564 22 29 h
1144 1574 53 20 are
1213 1563 218 41 unaspirated.
1448 1567 23 31 t,
1496 1564 19 29 d
1531 1574 52 20 are

383 1609 119 31 dental,
542 1611 14 37 j
575 1612 178 38 represents
772 1620 18 19 a
811 1609 102 30 sound
932 1608 145 32 between
1095 1611 16 37 J
1127 1609 64 31 and
1211 1620 21 19 s.
1270 1620 24 25 c,
1316 1618 13 30 j
1349 1620 53 20 are
1421 1609 162 31 affricates

385 1654 246 41 corresponding
647 1658 35 26 to
700 1654 75 30 this,
820 1657 22 29 h
857 1654 28 32 is
903 1654 112 30 voiced
1035 1657 49 37 (=
1099 1656 32 38 11)
1151 1658 114 37 except
1282 1656 34 30 in
1334 1656 50 36 ph,
1402 1657 46 35 th,
1467 1657 44 41 [h,
1529 1657 53 35 kh,

385 1701 44 30 ch.
458 1699 65 32 The
535 1700 90 31 italic
633 1700 18 42 j
663 1700 26 30 is
703 1711 18 19 a
734 1700 123 41 linking
869 1700 104 31 sound
986 1705 57 26 not
1057 1701 165 40 occurring
1234 1700 34 31 in
1280 1700 56 31 the
1348 1701 124 30 normal
1485 1700 98 32 forms

382 1747 36 30 of
435 1747 56 30 the
512 1747 103 30 words
635 1747 33 30 in
689 1745 104 32 which
813 1747 28 30 it
861 1747 25 30 is
909 1747 149 37 written;
1091 1747 50 30 for
1161 1747 143 30 instance
1325 1747 56 30 the
1402 1747 87 30 word
1509 1747 74 31 here

381 1792 131 30 written
526 1792 19 41 j
550 1802 35 20 ar
608 1792 104 30 would
735 1791 38 31 be
795 1792 205 40 pronounced
1023 1802 35 20 ar
1079 1792 34 30 in
1133 1792 160 31 isolation,
1333 1802 45 26 ae,
1403 1802 46 26 ao,
1473 1802 34 21 oe
1531 1803 52 20 are

382 1837 205 42 diphthongs.
610 1837 103 32 When
725 1838 14 10 v
753 1838 26 30 is
791 1841 58 27 not
861 1838 142 37 written,
1017 1849 34 19 as
1063 1838 33 30 in
1106 1840 109 37 Jomoe,
1229 1838 56 31 the
1294 1838 118 31 vowels
1424 1838 83 31 form
1519 1841 63 28 two

382 1882 159 42 syllables.
575 1893 17 22 £
609 1899 34 10 =
656 1893 32 22 Et
706 1883 76 40 (se).]

422 1945 110 27 utture
548 1941 83 31 haoa
640 1952 55 30 jar
710 1941 97 42 Jujjer
823 1941 138 31 moddhe
974 1942 111 41 yhogpa
1101 1941 155 38 hocchilo,
1274 1941 57 31 kar
1343 1952 53 30 jor
1412 1941 63 41 beji
1491 1952 91 20 smon

382 1987 102 40 Jomoe
503 1997 108 30 gorom
629 1980 102 47 kapop
746 1988 81 41 jopie
842 1987 56 42 jek
916 1987 117 42 pothik
1052 1987 48 42 eje
1119 1988 98 41 poplo.
1257 1991 71 27 tara
1351 1987 69 42 philr
1438 1988 83 30 kolle
1538 1997 43 32 je,

379 2044 33 30 je
427 2044 76 30 jage
524 2033 150 41 pothiker
693 2033 175 41 gaerkapop
887 2032 131 31 kholate
1039 2033 108 41 parhe,
1168 2032 88 33 takei
1277 2032 66 42 he|i
1359 2032 136 31 boloban
1511 2033 71 30 bole

380 2079 85 41 Jikar
478 2079 76 31 kora
568 2078 90 32 hobe.
688 2083 109 27 utture
813 2079 82 31 haoa
909 2083 35 27 to
956 2079 225 41 jo'thajaddho
1192 2089 70 31 jore
1277 2079 87 31 boite
1378 2079 93 40 Iaglo,
1487 2079 95 31 kintu

377 2135 16 32 j
397 2125 74 31 o'toi
489 2135 70 32 jore
580 2123 67 39 hoe,
670 2125 117 40 pothik
807 2125 92 31 to'toi
920 2123 67 42 beji
1007 2125 76 31 kore
1099 2129 72 38 jepe
1186 2135 58 30 gae
1261 2123 102 42 kapop
1378 2135 108 32 jopae;
1521 2125 61 40 JeJe

381 2175 110 26 utture
507 2170 82 31 haoa
605 2174 52 27 tar
673 2171 28 30 ei
717 2171 84 41 cejpa
818 2170 91 42 chepe
926 2170 72 31 dile.
1030 2170 123 31 tokhon
1168 2170 181 42 Jujjijuphe
1367 2170 50 30 alo
1433 2170 76 31 kore
1525 2175 57 36 tap

381 2217 67 30 dite
466 2216 113 39 laglen,
599 2226 35 21 ar
652 2217 88 30 omni
757 2216 115 40 pothik
889 2220 51 27 tar
957 2216 178 42 gaerkapop
1153 2216 94 31 khule
1265 2216 123 40 phelle;
1420 2226 35 21 ar
1472 2220 110 27 utture

381 2261 122 33 haoake
520 2261 84 42 Jikar
621 2261 91 31 kotte
730 2261 83 39 holo,
829 2272 33 30 je
880 2262 136 41 dujoner
1033 2261 138 31 moddhe
1189 2261 105 41 Juj'joi
1311 2261 65 41 beji
1394 2261 145 31 boloban.

740 2357 11 15 1
767 2357 33 24 In
811 2366 64 24 very
887 2357 98 25 careful
996 2357 92 33 speech
1101 2362 58 28 ape
1170 2362 63 23 VIC.

73 2832 145 19 Downloaded
227 2832 55 19 from
293 2832 389 25 https://www.cambridge.org/core.
692 2833 26 18 30
724 2833 37 23 Jun
771 2833 51 18 2021
835 2835 21 16 at
865 2833 102 21 16:11:33,
977 2832 82 25 subject
1066 2835 23 16 to
1097 2832 38 19 the
1144 2832 127 25 Cambridge
1281 2833 52 18 Core
1341 2835 68 16 terms
1417 2832 24 19 of
1448 2838 45 13 use.
