2061 2921
1429 97 212 34 PrncpissoftheIrA
1653 98 70 27 (1949)
1768 101 42 24 303

630 294 272 22 INTERNATIONAL
924 294 168 22 PHONETIC
1112 294 216 21 ASSOCIATION
1562 289 18 26 3

386 376 180 40 sentence);
595 375 56 32 the
669 375 118 32 sounds
804 387 52 20 are
874 375 209 42 acoustically
1099 387 79 30 very
1194 376 158 37 different,
1370 375 61 32 but
1447 387 36 20 as
1498 375 87 32 their

386 434 53 22 use
448 422 27 31 is
486 422 196 31 determined
692 422 46 41 by
746 422 84 31 their
838 422 156 31 situation
1003 422 80 41 they
1093 422 174 31 constitute
1278 432 19 21 a
1306 422 98 40 single
1414 422 167 40 phoneme,

387 468 61 33 and
465 480 60 19 can
541 468 38 31 be
596 467 203 42 represented
814 467 269 41 unambiguously
1099 467 45 41 by
1159 467 55 32 the
1231 467 96 32 letter
1341 468 21 30 L
1398 467 64 31 The
1478 467 106 31 initial

386 514 116 34 sounds
519 514 35 30 of
567 513 57 31 the
640 514 159 41 Japanese
816 513 102 32 words
934 513 72 38 hito,
1026 513 80 38 hata,
1124 513 95 38 Huzi,
1222 515 12 18 1
1250 513 94 33 differ
1359 513 125 42 greatly
1500 513 84 31 from

386 560 77 33 each
474 559 114 38 other;
611 559 56 31 the
679 559 71 32 first
760 559 170 32 resembles
942 559 55 32 the
1011 559 138 32 German
1162 570 15 27 9
1190 559 36 32 of
1234 559 59 38 ich,
1306 559 56 32 the
1374 558 116 33 second
1501 560 27 31 is
1541 570 41 20 an

387 606 149 40 ordinary
550 606 32 36 h,
600 606 63 30 and
680 605 55 32 the
751 605 90 32 third
855 607 28 30 is
900 616 19 21 a
937 605 19 14 “
969 604 145 33 bi-labial
1128 605 19 12 ”
1164 607 14 28 f
1197 603 58 42 (<]>).
1291 605 64 31 The
1371 616 55 20 use
1444 605 36 31 of
1494 605 88 31 these

386 651 116 35 sounds
519 651 37 38 is,
576 651 155 38 however,
752 651 136 42 entirely
906 651 206 31 conditioned
1129 651 46 41 by
1191 651 57 31 the
1266 651 160 41 following
1444 651 138 38 vowels;

386 704 34 26 to
435 709 18 19 a
469 697 168 42 Japanese,
655 707 14 28 9
684 697 28 31 is
728 697 19 13 “
759 697 56 31 the
829 697 79 31 kind
924 697 36 31 of
970 698 23 30 h
1006 697 19 13 ”
1040 697 41 31 he
1095 707 71 21 uses
1182 697 105 31 before
1303 698 20 35 i,
1339 696 94 32 while
1449 696 22 41 $
1485 698 27 30 is
1527 696 56 32 the

389 745 17 13 “
419 744 79 31 kind
511 744 35 30 of
555 744 22 30 h
590 742 19 13 ”
624 742 39 32 he
675 754 72 21 uses
761 742 106 33 before
879 753 40 28 u;
949 742 55 33 the
1017 742 90 33 three
1121 742 117 31 sounds
1251 742 115 41 belong
1377 742 159 31 therefore
1548 747 36 26 to

387 802 17 20 a
417 789 100 41 single
530 789 156 41 phoneme
702 789 63 31 and
779 800 76 30 may
867 789 40 31 be
920 788 204 42 represented
1136 788 47 42 by
1195 788 55 31 the
1264 788 99 48 single
1377 788 96 31 letter
1485 789 99 30 h—as

386 837 35 37 is,
437 835 123 38 indeed,
578 835 82 31 done
674 835 34 31 in
723 835 132 31 modern
871 835 158 40 Japanese
1044 835 144 30 romanic
1202 833 228 42 orthography.

427 890 26 30 5.
499 889 65 31 The
577 889 156 40 grouping
746 889 35 31 of
792 888 101 32 vowel
906 888 117 32 sounds
1037 888 68 31 into
1119 887 173 42 phonemes
1304 887 27 31 is
1344 887 182 31 illustrated
1539 887 46 42 by

386 935 53 33 the
465 934 162 41 following
654 934 170 41 examples.
891 934 39 30 In
956 934 124 30 Danish
1106 934 90 30 there
1223 944 52 21 are
1302 933 121 32 several
1449 933 136 32 distinct

386 980 155 33 members
573 980 36 31 of
638 980 55 31 the
727 980 211 42 a-phoneme;
984 981 32 30 in
1049 980 176 40 particular
1256 978 90 33 there
1377 980 28 31 is
1437 990 20 19 a
1489 978 96 42 fairly

389 1025 199 33 “forward”
611 1037 58 20 one
691 1025 34 33 in
747 1025 78 33 such
847 1037 18 19 a
888 1025 86 31 word
996 1036 35 20 as
1057 1025 78 31 sand
1158 1025 92 40 (san’)
1273 1025 64 31 and
1359 1036 18 19 a
1403 1024 181 32 “backer”

386 1073 126 40 variety
524 1072 34 31 in
572 1083 19 19 a
606 1071 87 31 word
706 1071 64 32 like
785 1082 75 30 sang
876 1072 92 40 (sag’)
984 1071 91 31 when
1091 1082 18 20 a
1123 1071 89 31 velar
1225 1074 176 28 consonant
1416 1071 121 31 follows
1550 1071 34 31 in

387 1119 53 31 the
459 1129 88 20 same
565 1117 143 42 syllable.
759 1118 39 31 In
817 1118 139 31 Russian
974 1116 90 32 there
1083 1128 53 20 are
1155 1127 100 30 many
1272 1116 151 31 varieties
1442 1116 36 31 of
1494 1126 19 20 a
1526 1127 7 26 ;
1566 1127 19 19 a

389 1165 18 13 “
418 1163 119 32 middle
551 1163 19 12 ”
599 1174 60 21 one
680 1163 27 31 is
731 1163 79 31 used
829 1163 35 31 in
885 1167 50 27 sat
963 1163 98 40 (can),
1079 1174 19 19 a
1115 1174 56 19 ver
1171 1174 23 30 y
1209 1162 137 32 forward
1365 1173 59 20 one
1445 1162 34 31 in
1499 1163 84 37 pjatj

389 1210 122 41 (iihtb),
524 1220 19 20 a
554 1220 80 30 very
642 1209 83 31 back
734 1220 59 20 one
803 1209 32 31 in
845 1209 55 31 the
908 1209 71 31 first
989 1208 132 42 syllable
1130 1209 36 31 of
1175 1207 105 39 'palka
1291 1209 149 39 (naJiua),
1453 1219 19 20 a
1484 1218 88 22 some­

387 1256 85 32 what
491 1255 19 13 “
522 1255 191 32 centralised
726 1255 19 13 ”
762 1265 60 21 one
837 1256 34 30 in
882 1254 56 32 the
948 1254 116 32 second
1074 1253 133 42 syllable
1219 1254 35 31 of
1261 1253 125 42 xara'Jb
1400 1255 184 41 (xopoino),

388 1301 62 33 and
461 1312 18 21 a
490 1300 192 42 completely
691 1300 121 32 central
823 1311 59 20 one
895 1301 42 39 (o)
947 1301 33 30 in
990 1300 56 31 the
1056 1300 71 31 first
1138 1299 133 42 syllable
1282 1300 36 31 of
1324 1300 55 31 the
1390 1311 86 20 same
1487 1300 96 31 word.

389 1348 63 31 But
469 1347 81 41 they
568 1347 42 30 all
628 1349 98 29 count
743 1346 230 42 linguistically
990 1358 36 19 as
1043 1346 29 31 if
1086 1346 80 42 they
1183 1356 79 21 were
1280 1345 57 32 the
1355 1356 87 21 same
1460 1345 102 32 sound
1577 1356 7 28 ;

388 1394 76 39 they
494 1393 114 40 belong
638 1396 35 28 to
704 1393 56 30 the
791 1403 86 20 same
908 1392 167 41 phoneme,
1112 1391 65 32 and
1207 1403 77 30 may
1313 1391 39 32 be
1384 1391 201 41 represented

389 1438 265 41 unambiguously
670 1438 32 31 in
719 1438 152 41 phonetic
887 1438 231 41 transcription
1135 1437 45 42 by
1196 1438 54 30 the
1268 1448 87 21 same
1372 1438 96 31 letter
1484 1447 27 21 a,
1548 1436 38 32 In

389 1485 125 39 writing
528 1484 172 40 Pekingese
713 1484 209 40 romanically
934 1483 55 32 the
1003 1483 95 32 letter
1112 1493 16 20 e
1142 1494 77 30 may
1232 1483 39 31 be
1285 1483 78 31 used
1376 1487 35 27 to
1424 1487 162 37 represent

389 1530 116 32 sounds
523 1530 35 32 of
571 1529 57 33 the
646 1539 19 20 a
683 1541 35 19 or
736 1534 126 37 a-types
880 1541 34 19 as
932 1529 71 31 well
1020 1540 34 20 as
1072 1529 118 31 sounds
1208 1529 35 31 of
1257 1529 56 31 the
1332 1532 119 38 e-type.
1488 1529 98 31 These

389 1577 97 30 latter
497 1587 93 20 occur
601 1576 77 41 only
688 1579 80 28 next
779 1579 35 28 to
825 1577 11 29 i
848 1586 36 21 or
895 1587 29 26 y,
938 1585 34 22 as
984 1576 34 31 in
1028 1575 57 32 the
1097 1575 147 40 syllables
1256 1576 52 35 lie,
1319 1577 54 35 fei,
1386 1585 49 28 ye,
1448 1574 140 32 whereas

389 1622 116 31 sounds
527 1622 36 31 of
580 1622 56 31 the
659 1631 15 21 a
697 1622 64 30 and
781 1625 129 37 A-types
931 1632 95 21 occur
1048 1620 193 42 exclusively
1260 1620 34 31 in
1314 1620 156 41 positions
1496 1620 93 31 other

389 1667 78 32 than
479 1667 100 39 these,
593 1678 58 30 e.g.
665 1667 33 31 in
711 1667 77 31 such
802 1667 148 41 syllables
964 1678 34 19 as
1012 1677 65 31 sAg,
1092 1677 61 25 san,
1169 1668 43 35 fA,
1228 1675 38 32 gA
1279 1677 6 27 ;
1319 1667 28 31 if
1356 1666 65 32 this
1433 1667 27 30 is
1472 1666 101 31 under­

389 1713 101 38 stood,
505 1713 90 31 these
610 1713 97 31 latter
721 1713 148 41 syllables
885 1723 58 21 can
958 1713 39 31 be
1013 1713 131 31 written
1158 1711 267 42 unambiguously
1439 1711 80 31 with
1531 1711 57 31 the

389 1760 94 31 letter
498 1769 17 21 e
533 1761 75 39 (seg,
627 1769 62 25 sen,
707 1761 41 32 fe,
767 1759 58 40 ge).
829 1760 13 17 2

430 1815 27 29 6.
502 1812 38 32 In
552 1812 171 41 languages
736 1812 102 31 where
851 1812 89 31 there
953 1824 54 19 are
1020 1812 176 31 consistent
1208 1812 225 41 relationships
1445 1811 144 32 between

390 1858 222 42 vowel-length
633 1858 63 31 and
717 1858 249 42 vowel-quality,
987 1863 64 26 two
1072 1858 101 31 vowel
1194 1858 147 42 qualities
1361 1868 77 30 may
1456 1858 39 31 be
1516 1868 57 21 con­

390 1905 123 31 sidered
533 1916 34 19 as
587 1904 169 41 belonging
777 1908 33 27 to
832 1916 18 19 a
871 1905 99 39 single
990 1903 168 42 phoneme,
1179 1903 55 31 the
1257 1903 126 41 quality
1402 1903 95 41 being
1517 1914 59 20 con­

390 1950 144 31 ditioned
557 1950 44 41 by
624 1950 55 31 the
703 1950 119 41 length.
871 1950 95 37 Thus,
991 1950 34 31 in
1048 1949 213 41 transcribing
1284 1949 123 31 normal
1431 1949 157 31 Southern

390 1996 132 41 English
532 2007 45 20 we
588 2007 76 30 may
675 1996 90 31 write
768 1996 64 41 feet
841 1996 64 31 and
907 1996 42 42 fit
959 2006 34 21 as
1005 1997 60 33 fi;t,
1077 1997 50 33 fit,
1140 1996 91 39 using
1241 1994 55 32 the
1307 2005 86 22 same
1403 1994 95 31 letter
1507 1997 12 27 i
1530 1994 59 31 but

390 2041 78 32 with
485 2041 56 32 the
558 2041 216 41 length-mark
791 2041 34 31 in
842 2041 56 31 the
916 2041 71 31 first
1003 2041 98 31 word.
1104 2042 12 18 3
1152 2040 168 42 Similarly,
1341 2052 45 19 we
1404 2052 77 30 may
1498 2041 91 31 write

390 2087 54 31 the
456 2087 111 32 Dutch
579 2087 102 31 words
694 2087 72 31 taak
779 2087 64 31 and
856 2087 51 31 talc
918 2087 220 41 phonetically
1153 2098 34 19 as
1199 2088 70 30 ta:k
1284 2087 65 30 and
1365 2087 57 30 tak
1438 2087 79 30 with
1533 2087 56 30 the

424 2215 10 15 1
444 2215 33 24 In
489 2215 44 24 old
543 2215 193 24 romanisation
748 2214 72 33 Fuji.

425 2255 10 14 !
446 2260 15 20 e
474 2256 22 23 is
507 2255 28 24 in
545 2255 57 24 fact
612 2255 46 24 the
669 2255 78 25 letter
758 2255 139 31 employed
907 2255 28 24 in
947 2255 65 24 such
1023 2255 123 31 syllables
1157 2255 28 23 in
1197 2254 44 24 the
1253 2256 100 30 system
1364 2253 30 24 of
1402 2253 190 24 romanisation

393 2295 93 24 known
498 2302 29 17 as
540 2295 114 31 Gwoyou
666 2295 152 31 Bomatzyh
831 2294 102 32 ('kuo,y
945 2293 179 33 'luo^ma'tsa).

424 2329 10 14 3
444 2328 48 24 We
503 2331 97 21 cannot
610 2327 35 24 do
656 2327 52 25 this
719 2328 28 24 in
756 2329 78 30 types
845 2328 30 24 of
882 2327 110 32 English
1002 2327 65 24 such
1078 2335 29 16 as
1119 2327 138 24 American
1268 2327 52 24 and
1332 2327 124 27 Scottish,
1467 2327 27 24 in
1505 2327 84 24 which

392 2361 69 24 there
473 2369 43 16 are
527 2369 34 17 no
574 2362 144 24 consistent
728 2360 184 33 relationships
924 2362 117 23 between
1053 2360 83 24 vowel
1148 2360 100 31 quality
1259 2360 53 23 and
1323 2360 98 31 length.

73 2832 145 19 Downloaded
228 2832 54 20 from
293 2833 389 25 https://www.cambridge.org/core.
692 2834 26 18 30
724 2834 37 23 Jun
771 2834 51 19 2021
835 2837 21 16 at
866 2835 101 21 16:11:33,
977 2834 82 25 subject
1066 2837 23 16 to
1097 2834 38 19 the
1144 2834 127 25 Cambridge
1281 2836 52 18 Core
1342 2838 67 16 terms
1417 2835 24 19 of
1448 2841 45 13 use.
