2055 2917
1422 94 101 34 Principles
1532 94 24 28 of
1562 94 32 28 the
1603 94 8 28 I
1611 94 25 28 PA
1647 94 71 33 (1949)
1762 97 43 25 313

595 312 272 23 INTERNATIONA!
889 314 166 21 PHONETIC
1077 314 216 22 ASSOCIATION
1504 304 36 30 13

383 406 34 20 as
436 406 19 20 a
472 395 77 37 rule,
569 395 40 31 be
627 396 130 30 written
775 395 80 31 with
872 406 30 20 m
922 396 90 40 (with
1030 396 55 30 the
1105 396 202 41 appropriate
1327 396 214 40 convention).

385 441 127 31 Several
526 441 93 31 other
633 442 161 40 examples
808 453 53 19 are
877 442 93 41 given
985 442 110 31 below.

427 486 39 40 (6)
490 486 65 32 The
571 486 94 32 letter
681 498 16 20 i
711 488 26 30 is
754 488 167 40 employed
937 491 33 28 to
987 488 116 31 denote
1119 488 79 31 both
1213 488 147 31 fricative
1376 498 15 21 r
1408 488 64 30 and
1487 486 56 32 the

382 532 94 31 r-like
490 533 191 30 frictionless
697 533 200 39 continuant,
913 533 85 31 since
1012 533 55 31 the
1083 537 64 27 two
1162 533 118 33 sounds
1294 533 82 33 have
1390 537 58 27 not
1463 532 80 31 been

383 579 100 30 found
499 582 34 27 to
549 579 84 30 exist
649 590 33 19 as
699 582 144 39 separate
859 579 172 42 phonemes
1047 580 32 30 in
1095 591 65 30 any
1174 580 163 41 language.
1369 579 102 32 When
1486 579 55 31 the

383 624 98 32 latter
505 624 103 32 sound
632 635 110 21 occurs
766 626 81 30 both
872 626 242 40 consonantally
1139 626 64 31 and
1227 626 200 40 syllabically
1453 626 45 39 (as
1525 636 18 20 a

383 670 112 40 vowel)
512 671 33 30 in
562 670 55 31 the
634 682 88 19 same
739 671 163 41 language,
920 671 55 31 the
992 675 65 26 two
1073 682 71 19 uses
1161 682 76 30 may
1253 671 39 31 be
1309 671 234 41 distinguished

383 716 45 42 by
443 716 56 31 the
515 716 111 31 letters
643 726 15 21 r
676 717 64 31 and
757 728 15 20 j
788 717 221 41 respectively.

427 762 38 40 (c)
489 762 64 30 The
572 762 95 30 letter
685 764 12 36 j
717 762 26 32 is
763 762 168 41 employed
949 766 34 28 to
1004 762 115 30 denote
1138 762 81 30 both
1237 762 55 30 the
1311 762 148 30 fricative
1479 762 64 30 and

382 808 191 31 frictionless
587 808 128 38 sounds,
729 809 85 30 since
826 808 57 31 the
896 812 63 27 two
973 808 150 31 varieties
1137 808 82 30 have
1232 812 57 26 not
1303 808 79 30 been
1395 808 100 30 found
1508 812 35 27 to

383 854 84 31 exist
481 864 34 21 as
529 857 145 39 separate
687 854 173 42 phonemes
874 854 33 31 in
921 866 65 30 any
999 854 163 42 language.
1192 854 65 31 The
1271 864 87 20 same
1372 854 123 42 applies
1508 857 33 27 to

383 910 21 29 y
423 899 64 31 and
505 909 30 23 ir.

425 945 46 41 {d)
493 945 64 31 The
577 945 96 31 letter
692 956 20 20 k
730 957 77 30 may
826 945 115 31 denote
961 945 56 31 the
1036 945 83 41 fully
1136 945 101 31 rolled
1256 945 102 31 sound
1378 945 81 31 with
1478 948 63 28 two

383 1001 35 21 or
431 1002 87 20 more
531 990 80 42 flaps
626 990 36 32 of
670 992 55 30 the
740 990 98 32 uvula
851 1002 36 20 or
899 990 57 32 the
968 992 180 39 single-flap
1162 990 112 32 sound.
1301 990 40 32 In
1354 1001 18 21 a
1387 990 153 41 language

383 1037 185 40 containing
589 1036 55 31 the
664 1041 64 26 two
749 1037 118 30 sounds
889 1048 34 19 as
944 1041 146 37 separate
1111 1037 182 41 phonemes,
1315 1036 55 31 the
1391 1037 150 30 notation

382 1092 41 22 er
434 1083 26 30 is
472 1083 244 31 recommended
728 1083 49 30 for
789 1083 55 30 the
857 1083 82 41 fully
950 1083 101 30 rolled
1064 1083 110 31 sound.

425 1128 39 40 (e)
488 1128 65 30 The
567 1128 95 32 letter
675 1138 17 20 r
706 1139 84 31 may,
807 1127 91 33 when
914 1128 200 39 convenient,
1130 1128 123 42 replace
1268 1138 24 25 j,
1309 1138 19 20 r
1343 1138 35 20 or
1393 1138 19 19 k
1431 1127 32 31 in
1485 1127 55 31 the

382 1175 229 41 transcription
628 1175 36 30 of
677 1186 20 19 a
712 1174 155 41 language
885 1175 185 40 containing
1087 1185 58 20 one
1162 1174 36 31 of
1210 1174 89 31 these
1317 1174 89 31 three
1424 1173 116 32 sounds

382 1220 60 31 but
458 1223 57 28 not
532 1232 18 19 a
567 1221 98 30 rolled
680 1221 120 41 lingual
815 1230 26 22 r.

424 1265 49 42 (/)
495 1265 66 31 The
583 1266 128 41 flapped
733 1266 102 32 sound
857 1275 14 21 r
899 1277 59 19 can
981 1265 161 42 generally
1163 1265 39 31 be
1223 1265 203 42 represented
1449 1265 44 41 by
1515 1275 24 21 r.

383 1312 39 30 In
436 1323 18 19 a
469 1312 153 41 language
635 1312 78 31 such
727 1323 34 19 as
776 1311 146 42 Spanish,
938 1312 102 30 where
1054 1312 55 30 the
1124 1311 98 42 single
1237 1312 63 41 flap
1315 1311 63 31 and
1391 1311 56 31 the
1461 1311 82 41 fully

382 1358 99 30 rolled
507 1358 103 30 sound
637 1367 93 22 occur
757 1368 33 20 as
818 1361 145 37 separate
989 1358 183 40 phonemes,
1199 1358 56 30 the
1281 1358 150 30 notation
1456 1366 33 20 rr
1515 1358 26 30 is

382 1403 243 31 recommended
639 1403 49 31 for
703 1403 55 31 the
772 1403 82 41 fully
867 1403 101 31 rolled
982 1403 112 31 sound.

424 1450 43 40 (g)
490 1449 39 31 In
548 1449 192 31 accordance
758 1449 79 31 with
855 1449 55 31 the
929 1450 155 41 principle
1103 1448 191 32 enunciated
1311 1449 34 31 in
1365 1449 43 39 (a)
1429 1448 111 38 above,

382 1494 55 32 the
455 1496 102 30 sound
617 1506 59 20 can
693 1496 158 40 generally
877 1494 38 32 be
933 1494 203 42 represented
1153 1494 45 42 by
1214 1494 55 32 the
1287 1493 95 33 letter
1399 1504 31 22 x.
1466 1493 75 33 This

383 1545 128 33 cannot,
541 1540 156 38 however,
727 1540 39 32 be
795 1541 83 30 done
907 1541 33 30 in
969 1540 78 32 such
1081 1541 170 40 languages
1281 1551 34 20 as
1345 1540 132 31 Eskimo
1507 1551 34 19 or

383 1585 198 40 Kabardian,
598 1587 102 30 where
717 1585 55 32 the
789 1587 86 31 velar
892 1585 64 32 and
971 1587 116 30 uvular
1102 1585 118 32 sounds
1237 1596 93 21 occur
1346 1596 33 21 as
1396 1589 145 37 separate

383 1632 182 41 phonemes.

425 1678 44 39 (h)
491 1677 171 42 Similarly,
681 1678 112 31 voiced
808 1680 22 28 h
848 1689 59 20 can
923 1678 161 41 generally
1101 1677 38 31 be
1157 1677 140 31 denoted
1313 1677 45 40 by
1373 1677 56 31 the
1447 1677 96 31 letter

383 1725 22 28 h
418 1723 126 32 instead
559 1723 36 32 of
604 1723 55 32 the
674 1723 116 41 special
803 1722 125 42 symbol
941 1725 32 30 ii.

425 1770 36 39 (i)
485 1769 64 31 The
565 1770 109 30 letters
689 1780 32 29 ji,
739 1774 21 26 A
775 1780 76 30 may
865 1768 39 32 be
920 1769 78 31 used
1012 1773 35 27 to
1063 1769 115 31 denote
1193 1768 56 32 the
1265 1768 141 32 cardinal
1421 1768 122 42 palatal

382 1815 118 31 sounds
532 1816 61 38 (i.e.
625 1815 91 31 those
747 1815 247 40 corresponding
1024 1815 130 40 exactly
1183 1819 34 27 to
1247 1816 12 29 i
1291 1815 63 30 and
1384 1815 27 38 j)
1442 1825 35 20 or
1507 1817 34 28 to

382 1860 208 41 acoustically
602 1860 299 41 indistinguishable
915 1860 118 31 sounds
1047 1860 80 31 with
1141 1871 86 20 more
1241 1860 138 31 alveolar
1394 1859 134 32 articula­

381 1907 71 30 tion
466 1907 61 40 (i.e.
543 1907 246 40 corresponding
802 1911 34 26 to
850 1917 27 25 g,
896 1908 42 37 £.).

424 1951 42 42 (j)
489 1951 65 32 The
573 1962 85 21 more
679 1951 139 32 familiar
836 1951 111 32 letters
965 1954 24 38 J,
1011 1962 18 30 3
1048 1962 76 30 may
1143 1951 38 32 be
1201 1951 78 32 used
1297 1955 36 26 to
1352 1951 115 30 denote
1486 1950 55 31 the

382 1998 118 30 sounds
512 2008 21 29 g,
545 2010 22 30 \
577 1998 33 31 in
621 1998 169 40 languages
802 1997 63 31 like
877 1997 181 41 Pekingese,
1070 1997 104 32 which
1185 1997 128 32 contain
1323 1997 89 31 these
1424 1996 117 31 sounds

383 2044 64 30 and
461 2043 41 31 do
517 2047 57 28 not
590 2044 128 31 contain
733 2043 55 31 the
802 2055 87 20 more
903 2043 91 31 usual
1016 2044 151 30 varieties
1189 2043 36 31 of
1241 2045 24 37 /,
1288 2052 27 30 3.
1346 2043 65 30 The
1432 2043 111 30 letters

382 2092 23 38 J,
424 2099 18 31 3
458 2100 75 30 may
548 2089 66 32 also
629 2089 39 32 he
683 2089 78 32 used
776 2093 35 28 to
826 2089 115 32 denote
957 2089 191 41 palatalised
1163 2089 150 30 varieties
1329 2088 36 31 of
1376 2091 23 37 J,
1418 2098 18 30 3
1451 2087 92 32 when

382 2135 89 31 these
483 2135 41 31 do
535 2139 57 27 not
605 2146 94 20 occur
710 2146 33 20 as
755 2135 172 41 phonemes
939 2139 145 38 separate
1096 2135 84 30 from
1190 2134 269 42 non-palatalised
1471 2136 22 39 J,
1513 2145 26 30 3.

776 2239 140 30 OTHER
937 2239 178 30 LETTERS

423 2323 48 30 28.
515 2321 194 31 Palatalised
739 2326 202 33 consonants,
973 2332 34 20 as
1036 2322 34 30 in
1100 2321 159 31 Russian:
1291 2325 21 36 J,
1347 2322 29 39 ij,
1409 2331 29 30 ij,
1472 2325 60 27 etc.

386 2369 62 38 (see
464 2368 14 41 §
491 2369 40 30 29
544 2368 61 39 (i)).
656 2367 122 42 Special
800 2367 99 32 forms
922 2368 49 30 for
991 2367 189 40 palatalised
1203 2369 24 37 J,
1253 2376 17 30 3
1294 2367 60 39 (for
1377 2377 55 21 use
1450 2367 91 31 when

73 2832 145 19 Downloaded
227 2832 55 19 from
293 2832 389 25 https://www.cambridge.org/core.
692 2833 26 18 30
724 2833 37 23 Jun
771 2833 51 18 2021
835 2835 21 16 at
865 2833 102 21 16:11:33,
977 2832 82 25 subject
1066 2835 23 16 to
1097 2832 38 19 the
1144 2832 127 25 Cambridge
1281 2833 52 18 Core
1341 2835 68 16 terms
1417 2832 24 19 of
1448 2838 45 13 use.
