2055 2917
1422 94 101 34 Principles
1532 94 24 28 of
1562 94 32 28 the
1603 94 8 28 I
1611 94 25 28 PA
1647 94 71 33 (1949)
1762 97 43 25 307

631 299 272 21 INTERNATIONAL
926 297 165 23 PHONETIC
1118 299 216 21 ASSOCIATION
1564 289 17 31 7

381 380 94 34 series
488 380 36 31 of
535 380 124 31 vowels.
688 380 123 31 Vowels
824 380 122 31 formed
961 380 79 31 with
1053 380 55 31 the
1121 380 128 41 highest
1261 384 74 37 part
1348 380 36 31 of
1394 380 55 31 the
1462 384 119 37 tongue

382 428 31 31 in
428 426 66 31 this
507 426 178 41 triangular
698 437 73 20 area
785 437 53 20 are
853 426 100 31 called
970 426 19 13 “
1003 426 120 32 central
1137 426 18 13 ”
1171 426 126 31 vowels.

555 531 232 30 PRINCIPLES
808 531 52 30 OP
878 531 146 30 VOWEL
1045 531 362 32 REPRESENTATION

425 611 47 30 17.
517 609 64 32 The
599 609 196 32 Association
812 609 187 42 Phonetique
1016 609 241 32 Internationale
1271 611 220 31 recommends
1508 609 73 32 that

383 656 32 31 in
433 655 213 41 transcribing
663 666 65 30 any
745 656 177 40 particular
939 656 154 40 language
1113 655 55 31 the
1192 655 111 31 letters
1321 656 259 35 ieeaaoou,

383 711 21 28 y
419 710 18 24 ij
452 711 26 20 ce
492 713 19 20 b
528 710 21 21 a
565 711 20 20 v
601 713 38 24 in,
656 703 15 28 i
685 711 20 21 e
719 701 39 31 be
775 702 87 37 used,
880 713 34 19 as
931 702 49 30 far
995 711 34 21 as
1046 711 75 30 may
1137 701 38 31 be
1190 701 206 40 practicable,
1413 705 36 27 to
1465 702 116 30 denote

383 746 116 33 vowels
514 747 143 32 situated
674 747 32 30 in
723 746 55 33 the
796 749 129 30 various
941 757 89 22 areas
1047 746 109 31 shown
1173 747 32 32 in
1223 746 83 41 Pigs.
1325 749 20 28 4
1361 747 64 32 and
1443 749 28 30 5.
1507 746 75 33 This

383 793 124 42 general
536 793 293 31 recommendation
857 794 38 36 is,
925 793 156 37 however,
1111 792 126 42 subject
1265 797 35 27 to
1331 793 250 31 considerations

382 839 183 32 mentioned
577 839 33 30 in
623 840 30 39 §§
668 840 107 30 19-21.

427 885 45 30 18.
517 884 64 31 The
611 884 201 31 Association
842 884 66 31 also
937 884 218 31 recommends
1184 884 73 31 that
1287 884 55 31 the
1371 884 96 31 letter
1497 895 16 19 a
1543 884 38 31 be

383 930 167 41 employed
569 935 34 26 to
622 930 117 31 denote
758 941 65 30 any
839 930 189 31 unrounded
1047 930 101 31 vowel
1165 930 142 31 situated
1324 931 34 30 in
1377 930 54 31 the
1450 931 132 30 interior

382 977 136 40 triangle
535 977 62 38 (see
613 975 67 41 Pig.
698 977 41 38 4).
771 977 32 30 If
815 987 18 20 a
849 977 154 39 language
1019 977 144 31 contains
1179 980 64 27 two
1258 975 187 32 unrounded
1461 977 121 30 central

385 1022 126 37 vowels,
527 1022 27 30 it
569 1022 27 31 is
613 1022 242 30 recommended
872 1021 73 31 that
962 1032 15 20 a
995 1021 39 31 be
1052 1022 77 30 used
1145 1026 34 26 to
1196 1021 116 31 denote
1330 1021 57 31 the
1405 1022 98 30 closer
1522 1032 59 20 one

385 1068 62 31 and
475 1079 19 20 v
521 1068 50 31 for
597 1067 55 32 the
680 1079 117 30 opener
823 1079 67 20 one.
944 1067 221 42 Occasionally
1190 1068 55 31 the
1275 1068 83 31 form
1390 1079 17 20 3
1437 1079 77 30 may
1541 1067 39 32 be

385 1113 166 42 employed
572 1117 33 28 to
626 1117 162 37 represent
808 1112 136 33 another
963 1115 127 39 variety
1109 1115 36 30 of
1162 1113 120 32 central
1298 1113 109 32 vowel.

427 1160 45 31 19.
517 1159 38 31 In
577 1159 99 31 broad
698 1160 243 40 transcriptions
963 1159 55 31 the
1040 1160 149 30 different
1209 1159 157 31 members
1388 1159 35 31 of
1441 1170 19 20 a
1481 1159 101 31 vowel

385 1206 154 41 phoneme
562 1205 114 31 should
699 1205 42 31 all
763 1205 38 31 be
824 1206 203 41 represented
1049 1205 45 40 by
1115 1206 54 30 the
1193 1215 86 21 same
1301 1206 105 36 letter,
1430 1205 139 31 notwith­

383 1251 152 40 standing
547 1251 73 30 that
631 1250 56 31 the
699 1251 119 30 sounds
830 1261 75 30 may
917 1250 39 31 be
969 1251 142 30 situated
1121 1251 34 30 in
1167 1250 149 31 different
1329 1250 140 31 cardinal
1481 1261 100 20 areas.

385 1297 61 31 For
464 1297 153 38 instance,
638 1296 155 41 although
812 1296 55 31 the
886 1297 139 31 Russian
1046 1296 187 42 e-phoneme
1251 1296 142 31 includes
1412 1296 119 31 sounds
1549 1296 32 31 in

385 1343 54 31 the
454 1343 141 31 cardinal
609 1353 89 21 areas
712 1343 131 31 marked
862 1353 15 21 e
895 1343 63 31 and
974 1353 17 21 e
1006 1344 34 30 in
1057 1343 67 40 Fig.
1143 1344 28 37 4,
1186 1343 214 31 nevertheless
1414 1341 55 33 the
1484 1343 98 40 single

383 1389 95 30 letter
515 1399 16 19 e
567 1389 28 30 is
632 1388 158 42 adequate
826 1388 49 31 for
911 1389 219 40 representing
1165 1388 55 31 the
1257 1388 119 31 sounds
1412 1389 32 30 in
1483 1387 99 32 broad

383 1435 238 40 transcription.

425 1481 48 31 20.
518 1479 101 32 When
638 1491 19 20 a
675 1481 101 30 vowel
793 1481 26 30 is
838 1481 142 30 situated
998 1481 32 30 in
1049 1491 41 20 an
1109 1491 72 20 area
1201 1481 186 39 designated
1406 1479 44 41 by
1468 1490 18 19 a
1504 1490 65 21 non­

383 1537 112 19 roman
508 1525 105 38 letter,
626 1526 27 30 it
665 1526 27 30 is
704 1526 243 30 recommended
961 1525 73 32 that
1047 1526 55 30 the
1114 1530 126 26 nearest
1253 1526 204 41 appropriate
1471 1536 111 20 roman

383 1572 95 30 letter
495 1571 38 31 be
551 1571 198 31 substituted
766 1572 49 30 for
830 1572 27 30 it
873 1572 34 31 in
925 1572 151 41 ordinary
1091 1572 100 30 broad
1208 1572 243 41 transcriptions
1468 1572 29 30 if
1509 1571 74 31 that

383 1619 96 30 letter
488 1619 26 30 is
525 1621 58 28 not
592 1616 121 33 needed
723 1617 50 32 for
783 1628 65 29 any
857 1617 93 32 other
959 1628 147 30 purpose.
1127 1617 63 32 For
1199 1619 154 36 instance,
1364 1619 29 30 if
1400 1628 18 19 a
1427 1617 155 40 language

385 1664 145 30 contains
545 1674 41 20 an
602 1673 17 21 e
635 1663 60 31 but
710 1674 41 20 no
767 1674 26 25 e,
808 1663 28 31 it
849 1663 28 31 is
891 1663 244 31 recommended
1149 1663 73 31 that
1238 1662 55 32 the
1307 1663 96 31 letter
1419 1674 16 19 e
1451 1662 39 32 be
1505 1662 77 32 used

385 1713 33 27 to
430 1712 162 37 represent
603 1710 36 30 it.
664 1709 75 31 This
749 1709 27 31 is
788 1709 55 31 the
855 1719 80 28 case,
949 1709 49 31 for
1009 1710 152 37 instance,
1174 1710 33 30 in
1220 1710 167 39 Japanese.
1412 1709 170 40 Similarly,

383 1755 34 30 in
436 1754 100 31 broad
555 1755 244 40 transcriptions
818 1754 36 31 of
871 1754 158 31 Southern
1049 1754 122 31 British
1190 1754 132 41 English
1340 1754 56 31 the
1415 1754 117 31 vowels
1550 1754 33 30 in

385 1806 74 32 coat,
482 1800 116 41 caught,
621 1806 46 25 cot
687 1811 76 30 may
783 1800 43 31 all
847 1800 38 31 be
907 1801 129 30 written
1058 1800 79 31 with
1157 1800 56 31 the
1234 1811 87 20 same
1341 1800 96 31 letter
1459 1811 26 26 o,
1508 1800 75 31 thus

386 1856 45 27 ou,
449 1856 38 27 o:,
505 1856 25 25 o,
550 1845 155 41 although
723 1845 55 32 the
796 1850 64 27 two
878 1845 98 32 latter
999 1847 118 30 sounds
1136 1856 51 21 are
1205 1847 34 30 in
1256 1845 56 32 the
1330 1856 16 21 o
1365 1845 64 32 and
1447 1856 18 22 »
1483 1856 99 21 areas.

387 1892 49 40 (In
454 1903 18 20 a
489 1891 131 41 slightly
635 1902 125 20 narrow
775 1892 230 41 transcription
1022 1892 79 41 they
1117 1891 103 42 might
1237 1891 38 32 be
1293 1892 128 31 written
1443 1902 46 24 ou,
1508 1902 35 25 a:,
1557 1902 25 25 o,

386 1939 31 30 in
433 1949 18 19 a
465 1937 67 32 still
545 1949 160 20 narrower
718 1949 59 19 one
793 1947 46 27 ou,
857 1947 36 26 o:,
913 1939 43 37 d.)

427 1985 48 30 21.
517 1983 45 32 As
574 1983 118 32 sounds
705 1983 35 30 of
749 1983 56 32 the
817 1994 18 21 d
845 1987 77 37 type
935 1983 82 32 have
1031 1983 215 32 considerable
1259 1985 142 30 acoustic
1413 1983 173 41 similarity

385 2033 34 27 to
436 2029 91 31 those
543 2029 34 30 in
593 2029 54 30 the
665 2039 15 20 o
698 2029 63 31 and
778 2039 19 20 a
813 2040 98 26 areas,
928 2030 28 30 it
971 2029 27 31 is
1015 2029 160 41 generally
1191 2029 163 31 advisable
1371 2034 35 26 to
1421 2033 162 37 represent

385 2075 90 31 them
487 2075 44 40 by
543 2085 59 20 one
615 2075 36 30 of
659 2075 90 31 these
761 2085 87 21 more
861 2075 139 31 familiar
1012 2075 150 40 symbols,
1177 2085 34 20 or
1223 2076 33 30 in
1269 2085 86 21 some
1369 2085 86 21 cases
1468 2075 45 40 by
1525 2085 58 21 one

386 2120 35 31 of
434 2120 55 31 the
506 2120 151 41 ordinary
671 2131 113 20 roman
800 2120 111 31 letters
928 2131 16 19 o
962 2131 36 20 or
1013 2131 27 20 a.
1073 2121 63 30 For
1150 2121 154 38 instance,
1322 2120 32 31 in
1371 2120 214 41 transcribing

386 2166 158 31 Southern
561 2166 122 31 British
695 2166 134 41 English
844 2166 55 31 the
915 2166 136 31 D-sound
1067 2166 34 31 in
1123 2166 48 31 hot
1191 2177 77 30 may
1285 2166 38 31 be
1340 2167 129 30 written
1495 2177 14 20 o
1538 2167 47 40 (or

385 2213 32 30 in
435 2211 100 32 broad
555 2211 245 42 transcriptions
821 2213 30 38 o)
873 2211 138 33 without
1033 2223 19 20 a
1072 2211 227 42 length-mark,
1322 2211 92 32 while
1439 2213 33 30 in
1496 2216 74 27 tran­

385 2257 136 41 scribing
537 2257 187 41 Hungarian
737 2258 29 30 it
779 2269 77 30 may
871 2257 38 32 be
920 2258 128 31 written
1058 2267 18 21 a
1089 2259 47 39 (or
1148 2258 32 30 in
1191 2257 100 31 broad
1305 2258 229 41 transcription
1551 2259 32 38 a)

386 2304 137 31 without
539 2315 20 19 a
573 2303 227 40 length-mark.

427 2351 48 30 22.
520 2348 187 33 Sometimes
723 2349 26 32 it
765 2349 26 32 is
807 2360 168 30 necessary
991 2353 34 28 to
1041 2360 55 21 use
1113 2349 116 41 special
1245 2349 110 30 letters
1372 2353 35 28 to
1423 2353 162 37 represent

73 2832 145 19 Downloaded
227 2832 55 19 from
293 2832 389 25 https://www.cambridge.org/core.
692 2833 26 18 30
724 2833 37 23 Jun
771 2833 51 18 2021
835 2835 21 16 at
865 2833 102 21 16:11:33,
977 2832 82 25 subject
1066 2835 23 16 to
1097 2832 38 19 the
1144 2832 127 25 Cambridge
1281 2833 52 18 Core
1341 2835 68 16 terms
1417 2832 24 19 of
1448 2838 45 13 use.
