2055 2917
73 2832 145 19 Downloaded
227 2832 55 19 from
293 2832 389 25 https://www.cambridge.org/core.
692 2833 26 18 30
724 2833 37 23 Jun
771 2833 51 18 2021
835 2835 21 16 at
865 2833 102 21 16:11:33,
977 2832 82 25 subject
1066 2835 23 16 to
1097 2832 38 19 the
1144 2832 127 25 Cambridge
1281 2833 52 18 Core
1341 2835 68 16 terms
1417 2832 24 19 of
1448 2838 45 13 use.

1422 94 101 34 Principles
1532 94 24 28 of
1562 94 32 28 the
1603 94 8 28 I
1611 94 25 28 PA
1647 94 71 33 (1949)
1762 97 42 25 309

634 291 274 22 INTERNATIONAL
931 292 168 23 PHONETIC
1120 291 216 22 ASSOCIATION
1567 286 19 29 9

493 382 36 31 of
547 382 69 38 hot;
650 382 51 31 Fr.
722 387 85 36 forte
830 382 125 42 (short),

485 429 66 42 fort
581 427 119 41 (long);
742 427 70 33 Ger.
843 429 113 31 Sonne.

494 474 125 41 Opener
652 474 127 41 variety
813 474 34 31 in
881 475 75 32 Ital.

494 531 78 20 cosa.

386 601 24 21 o.
451 591 44 31 As
509 591 33 31 in
557 589 142 33 Scottish
713 592 246 39 pronunciation

493 636 36 30 of
550 641 85 32 coat;
673 636 52 31 Fr.
752 636 75 33 beau
841 648 7 28 ;
886 636 71 33 Ger.

495 682 96 38 wohl;
620 682 74 32 Ital.
712 682 81 32 dove.

385 763 26 21 u.
453 753 43 31 As
523 753 33 31 in
583 753 51 31 Fr.
663 759 82 32 tout;
785 754 69 31 Ger.
881 759 63 34 gut,

491 798 75 33 Ital.
592 798 107 33 subito.
748 798 91 33 With
863 799 94 32 value

491 856 87 20 more
589 849 121 26 remote
722 844 83 31 from
817 845 141 31 cardinal

494 891 32 30 in
545 891 81 39 Eng.
646 895 54 27 too.

383 972 28 27 y.
452 960 44 31 As
517 961 32 30 in
571 960 50 31 Fr.
645 960 71 31 lune
729 972 7 27 ;
771 961 70 32 Ger.
863 960 73 31 uber
949 971 7 28 ;

491 1008 144 40 Norweg.
653 1006 64 42 tjue
734 1007 176 41 (cardinal).

383 1086 24 25 0.
453 1078 44 31 As
511 1078 32 31 in
557 1078 51 31 Fr.
621 1089 83 30 feu;
731 1078 71 31 Ger.
818 1078 99 31 schon.

383 1159 33 21 ce.
452 1149 43 30 As
513 1149 32 31 in
563 1149 52 31 Fr.
635 1149 68 40 ceuf
719 1149 125 39 (short),
867 1159 90 21 veuve

490 1194 119 41 (long);
641 1194 71 31 Ger.
730 1194 95 42 zwblf.

382 1276 25 21 d.
449 1265 45 30 As
527 1265 34 31 in
597 1264 160 31 Southern
790 1265 81 41 Eng.
907 1265 49 31 hot

489 1310 172 41 (generally
689 1310 107 32 better
825 1310 130 32 written

489 1357 80 30 with
583 1366 15 21 o
613 1367 34 20 or
661 1366 26 28 d,
701 1367 50 20 see
765 1357 14 39 §
793 1357 60 39 20).

380 1436 27 22 a,
446 1427 44 31 As
499 1427 33 31 in
541 1427 148 42 frequent
699 1426 163 32 Northern
872 1427 80 41 Eng.

487 1472 64 32 and
573 1472 169 32 American
764 1472 175 41 pronuncia­

487 1519 70 30 tion
592 1518 36 31 of
659 1529 81 30 cup;
788 1518 164 31 advanced

487 1564 150 31 varieties
657 1564 36 30 of
710 1573 19 21 a
749 1574 54 21 are
823 1565 79 30 used
921 1565 32 30 in

488 1609 158 31 Southern
663 1610 79 40 Eng.

379 1692 27 19 y.
447 1682 44 30 As
533 1681 34 31 in
610 1680 87 31 Shan
742 1682 57 28 'kv
844 1680 109 40 (salt);

485 1727 166 31 advanced
673 1727 128 41 variety
821 1727 78 31 used
921 1727 32 30 in

484 1772 141 32 Marathi
639 1782 68 30 mvg
728 1772 223 40 (afterwards).

377 1853 35 20 in.
446 1843 43 31 As
505 1843 33 30 in
554 1842 86 31 Shan
655 1853 14 3 _
670 1853 60 20 mui
745 1842 121 41 (hand).

1007 385 22 29 i.
1081 382 138 32 Russian
1235 393 28 20 n
1277 382 34 31 in
1327 393 81 21 chh.

1010 471 27 20 «.
1077 461 44 30 As
1132 461 34 30 in
1177 460 142 41 Norweg.
1333 460 57 31 hus
1403 471 8 27 ;
1433 460 152 42 frequent

1117 505 246 41 pronunciation
1403 505 35 32 of
1477 517 34 20 oo
1550 507 35 30 in

1119 551 161 32 Scotland.

1010 639 23 20 i.
1077 629 44 31 As
1144 629 34 31 in
1201 629 80 41 Eng.
1307 629 62 37 bit;
1406 629 71 31 Ger.
1503 629 78 31 bitte.

1118 675 65 31 Can
1199 675 89 31 often
1304 675 38 31 be
1359 676 130 30 written
1504 675 79 31 with

1117 721 20 35 i,
1160 731 50 20 see
1221 721 14 39 §
1249 721 27 30 6.

1009 807 26 20 o.
1079 797 45 31 As
1145 797 34 31 in
1202 796 158 32 Southern
1382 798 79 41 Eng.
1487 798 93 37 book;

1118 843 71 31 Ger.
1208 841 107 33 Hund.
1352 844 66 30 Can
1435 844 90 30 often
1543 844 39 31 be

1117 888 129 31 written
1265 888 80 31 with
1364 899 29 25 u,
1414 900 51 19 see
1485 891 14 38 §
1513 891 27 30 6.

1009 970 27 19 y.
1076 959 43 31 As
1136 959 33 31 in
1186 958 71 32 Ger.
1269 959 88 42 fiinf,
1376 959 104 31 Gliick.
1516 960 65 30 Can

1115 1005 160 40 generally
1294 1005 40 31 be
1353 1006 130 30 written
1502 1006 80 30 with

1115 1061 22 26 y
1150 1051 34 30 in
1197 1050 100 31 broad
1310 1050 255 41 transcriptions.

1010 1138 32 20 86.
1078 1128 153 31 Common
1286 1127 158 32 Southern
1499 1128 80 41 Eng.

1115 1174 126 41 variety
1265 1174 36 30 of
1324 1174 18 12 “
1354 1173 90 32 short
1469 1183 18 21 a
1502 1174 18 12 ”
1545 1185 35 20 aa

1114 1219 33 31 in
1161 1224 67 34 cat;
1246 1219 139 30 Russian
1400 1230 18 20 a
1432 1219 33 31 in
1479 1230 98 20 mm>.

1115 1265 66 31 Can
1204 1264 160 42 generally
1387 1265 38 31 be
1449 1265 131 32 written

1114 1310 78 32 with
1202 1321 18 19 a
1229 1321 36 21 or
1273 1310 181 33 sometimes
1462 1310 78 32 with
1551 1321 26 22 e,

1006 1391 24 21 e.
1072 1380 45 32 As
1149 1382 34 30 in
1217 1380 142 32 Swedish
1393 1381 84 37 dum,
1511 1381 68 31 also

1113 1427 130 31 written
1258 1438 25 25 o,
1300 1428 13 40 §
1327 1429 48 29 30.

1006 1508 24 20 a.
1073 1498 45 31 As
1131 1508 20 21 a
1162 1498 34 30 in
1209 1498 79 40 Eng.
1303 1498 90 31 about
1407 1498 32 39 (“
1451 1498 128 31 neutral

1113 1543 101 31 vowel
1227 1543 18 12 ”
1288 1554 36 20 or
1367 1543 20 12 “
1399 1543 105 31 schwa
1517 1543 34 40 ”)
1569 1554 7 28 ;

1112 1589 92 31 other
1243 1589 151 31 varieties
1433 1600 52 20 are
1526 1590 50 30 Fr.

1114 1636 19 12 “
1145 1646 16 21 e
1175 1638 89 29 mute
1279 1634 27 39 ”,
1324 1634 71 33 Ger.
1415 1646 16 21 e
1450 1634 33 32 in
1498 1634 78 33 bitte.

1005 1716 28 20 e.
1073 1705 45 31 As
1151 1717 22 19 «
1204 1705 34 30 in
1271 1716 20 19 a
1323 1716 148 20 common
1504 1716 58 31 pro­

1112 1751 187 31 nunciation
1323 1752 36 30 of
1381 1752 79 41 Eng.
1487 1752 88 41 sofa;

1112 1796 117 32 Lisbon
1263 1798 194 40 Portuguese
1491 1808 19 20 a
1543 1800 32 28 in

1109 1854 90 30 para.

417 1936 48 30 25.
509 1934 65 32 The
586 1934 157 41 principal
755 1938 177 28 consonant
945 1933 112 31 letters
1069 1934 36 30 of
1114 1934 54 32 the
1183 1933 194 31 Association
1389 1933 188 43 PTwnMique

377 1979 239 32 Internationale
634 1991 53 20 are
706 1984 49 27 set
776 1984 56 27 out
851 1980 148 40 together
1017 1980 80 31 with
1117 1980 55 31 the
1192 1979 87 32 chief
1294 1980 101 31 vowel
1413 1980 110 31 letters
1541 1981 34 30 in

377 2026 53 31 the
446 2026 161 40 following
623 2026 100 31 chart.
758 2026 123 31 Sounds
898 2026 79 31 with
994 2026 115 31 double
1126 2026 207 31 articulation
1349 2036 119 30 appear
1483 2026 92 31 twice

377 2072 32 32 in
427 2071 55 31 the
501 2071 102 39 chart,
623 2071 174 41 secondary
815 2071 224 31 articulations
1058 2071 95 41 being
1171 2071 108 31 shown
1298 2071 44 41 by
1360 2071 54 31 the
1433 2071 142 41 symbols

377 2118 30 30 in
423 2117 157 32 brackets.
