2055 2917
1422 94 101 34 Principles
1532 94 24 28 of
1562 94 32 28 the
1603 94 8 28 I
1611 94 25 28 PA
1647 94 71 33 (1949)
1762 97 43 25 317

632 293 275 23 INTERNATIONAL
928 294 168 22 PHONETIC
1118 294 217 22 ASSOCIATION
1546 286 36 30 17

422 394 12 5 -
461 375 161 31 retracted
644 375 135 40 variety.
824 375 66 31 The
911 376 93 32 mark
1025 388 77 30 may
1123 375 39 33 be
1184 376 111 42 placed
1317 376 103 32 either
1442 376 83 32 after
1547 387 36 20 or

501 420 102 33 under
613 420 56 31 the
680 420 96 33 letter
789 431 7 28 ;
833 421 76 32 thus
922 433 18 20 a
952 423 161 31 retracted
1125 423 127 40 variety
1263 423 36 30 of
1307 431 20 22 a
1339 433 76 30 may
1426 423 40 31 bo
1478 433 90 30 repre­

500 466 113 32 sented
632 466 45 42 by
699 477 34 20 a-
753 478 36 19 or
811 478 25 19 a.
877 468 64 31 The
957 468 70 41 sign
1043 483 21 10 «
1084 468 27 31 is
1127 479 44 20 an
1187 468 190 31 alternative
1394 472 35 27 to
1447 479 31 26 -;
1510 469 28 30 it
1553 468 27 31 is

501 513 152 31 intended
667 513 49 30 for
729 523 55 21 use
797 523 87 21 more
896 514 212 41 particularly
1120 514 94 31 when
1227 533 11 2 -
1252 514 103 41 might
1369 514 38 31 be
1420 514 99 31 taken
1532 514 50 31 for

502 569 18 20 a
535 558 139 41 hyphen.
705 558 102 31 When
821 559 27 30 it
862 559 27 32 is
904 559 124 33 desired
1042 563 35 28 to
1093 559 88 32 show
1195 559 33 32 in
1243 559 128 41 writing
1384 559 73 33 that
1473 564 23 31 t,
1514 562 29 33 d,
1561 570 20 21 n

502 615 53 20 are
568 604 139 31 alveolar
718 604 65 31 and
795 609 59 27 not
867 605 119 40 dental,
999 605 55 32 the
1066 605 177 32 retraction
1256 605 78 41 sign,
1348 606 33 30 in
1395 606 55 31 the
1463 606 83 31 form
1558 624 22 19 -,

502 661 76 30 may
591 649 40 31 be
644 649 111 42 placed
770 650 209 39 underneath,
993 652 77 30 thus
1085 656 23 32 t,
1127 653 28 33 d,
1178 662 27 20 n.

421 728 14 11 u
457 696 109 31 dental
580 695 214 32 articulation.
831 696 102 31 When
946 697 28 30 it
987 697 28 31 is
1029 697 124 31 desired
1167 700 35 27 to
1217 697 87 30 show
1317 697 34 30 in
1365 697 126 41 writing
1504 697 73 31 that

501 746 24 32 t,
545 744 29 34 d,
591 752 29 26 n,
638 745 72 34 etc.,
731 752 52 21 are
803 743 110 30 dental
932 743 63 31 and
1015 746 57 27 not
1093 743 148 37 alveolar,
1262 743 65 30 this
1351 743 69 41 sign
1445 754 76 30 may
1541 743 39 31 be

502 787 112 41 placed
628 787 209 39 underneath,
853 788 75 32 thus
944 792 25 32 t,
980 791 26 35 d,
1018 799 30 25 n,
1063 792 61 28 etc.
1155 788 76 32 This
1244 799 77 30 may
1335 788 66 32 also
1415 788 40 33 be
1469 788 111 33 shown

501 834 44 41 by
559 846 22 19 +.

424 912 15 10 w
457 878 217 33 labialization
688 890 6 20 :
725 889 21 19 n
761 902 35 3 —
809 890 21 20 n
845 880 80 31 with
940 880 231 31 simultaneous
1185 880 227 40 lip-rounding.

422 928 7 7 ’
463 924 114 41 (above
592 936 18 19 a
625 924 108 40 letter)
748 925 131 31 denotes
893 925 243 42 palatalization
1151 937 6 19 :
1185 936 16 19 z
1217 948 35 4 ~
1265 935 24 30 g.

419 985 9 15 5
459 972 61 41 lips
530 982 85 20 more
626 971 143 31 rounded
783 982 6 20 :
813 982 30 20 o>
868 986 35 11 =
917 983 40 19 an
969 971 233 31 over-rounded
1213 982 16 20 o
1244 983 6 26 ;
1274 982 31 20 a>
1330 986 34 11 =
1378 982 27 21 u.

417 1031 8 14 <
458 1016 62 42 lips
529 1027 87 22 more
626 1016 113 41 spread
754 1027 6 20 :
783 1027 31 19 ut
829 1032 36 11 =
878 1027 19 20 a
907 1018 126 40 variety
1042 1018 36 31 of
1084 1027 21 20 u
1113 1016 191 41 resembling
1312 1028 37 19 m.

416 1062 9 14 r
460 1062 89 32 weak
565 1062 176 41 aspiration
757 1062 84 31 after
856 1073 29 27 p,
903 1067 23 31 t,
944 1067 60 27 etc.
1024 1064 61 39 (see
1103 1064 15 39 §
1131 1064 38 30 29
1184 1063 63 40 (b)).

419 1111 9 17 ’
460 1109 115 40 glottal
603 1112 73 37 stop
705 1107 265 42 simultaneously
998 1119 36 21 or
1061 1109 118 31 almost
1207 1107 265 44 simultaneously
1499 1109 80 31 with

499 1154 134 31 another
657 1154 113 37 sound,
796 1165 58 30 e.g.
880 1155 111 30 Hausa
1011 1155 40 36 p’,
1070 1157 33 33 t’,
1121 1157 33 34 s’,
1177 1158 82 35 etc.;
1292 1165 42 20 on
1354 1155 117 30 vowels
1490 1165 35 20 as
1545 1155 32 30 in

499 1200 123 31 Danish
649 1211 38 20 en
715 1200 85 41 (e’n),
827 1211 41 20 on
896 1201 191 30 continuant
1114 1203 193 28 consonants
1334 1212 35 19 as
1395 1201 32 30 in
1454 1200 125 31 Danish

491 1245 69 42 fern-
575 1247 110 39 (fern’).

470 1292 188 41 synchronic
713 1291 206 31 articulation
937 1302 7 21 :
999 1292 40 43 kp
1070 1315 35 4 —
1130 1293 21 29 k
1192 1292 65 30 and
1303 1302 19 27 p
1373 1292 204 41 pronounced

497 1337 273 42 simultaneously,
793 1347 37 22 aa
839 1338 27 31 is
878 1349 59 20 one
953 1338 132 31 method
1096 1338 36 31 of
1139 1337 208 42 symbolising
1358 1338 177 31 r-coloured
1547 1349 27 20 a.

499 1383 32 32 It
550 1385 27 30 is
597 1383 160 41 generally
773 1383 138 41 possible
928 1387 35 28 to
983 1385 82 30 omit
1081 1383 55 32 the
1153 1385 69 39 sign
1240 1385 63 38 (see
1323 1385 14 39 §
1355 1385 39 30 29
1415 1383 69 42 (/),
1508 1385 67 38 (</)).

497 1461 32 9 _
543 1430 47 40 (or
668 1440 75 31 may
761 1429 68 31 also
844 1429 40 31 be
897 1429 79 31 used
991 1434 34 26 to
1047 1429 140 31 indicate
1207 1429 144 31 affricate
1373 1434 202 33 consonants,

496 1476 75 39 see§
584 1476 38 30 29
637 1476 54 39 (a).

461 1520 99 32 Small
577 1520 97 31 index
691 1520 111 31 letters
820 1531 76 30 may
914 1520 38 31 be
971 1520 78 31 used
1067 1525 36 26 to
1120 1521 142 30 indicate
1280 1520 114 31 shades
1412 1521 36 30 of
1463 1521 112 31 sound.

496 1567 63 31 For
575 1568 144 30 instance
737 1569 15 37 J
754 1573 12 15 8
784 1578 109 20 means
913 1578 42 20 an
974 1566 92 32 s-like
1084 1568 129 40 variety
1231 1567 36 31 of
1281 1569 14 39 J
1310 1578 7 26 ;
1348 1578 19 20 a
1369 1570 10 14 1
1395 1567 26 31 is
1443 1567 134 31 another

495 1612 132 32 method
644 1612 35 32 of
691 1612 217 41 representing
923 1623 42 21 an
981 1612 179 33 r-coloured
1177 1623 26 21 a.

416 1659 17 18 *
454 1670 77 29 may
549 1658 38 31 be
607 1658 141 41 prefixed
767 1659 93 30 when
877 1659 28 30 it
923 1659 27 30 is
970 1658 125 31 desired
1113 1662 35 27 to
1168 1658 88 31 show
1274 1658 74 31 that
1367 1670 18 19 a
1405 1658 87 31 word
1510 1658 28 31 is
1557 1669 18 20 a

494 1714 115 32 proper
623 1714 105 22 name.

773 1832 191 39 LENGTH,
997 1832 157 35 STRESS

413 1917 47 30 31.
506 1916 65 31 The
587 1916 161 41 following
764 1916 85 41 signs
866 1927 51 20 are
934 1916 78 31 used
1027 1916 33 31 in
1076 1915 55 32 the
1147 1917 254 40 representation
1417 1916 36 31 of
1465 1916 110 41 length

377 1963 63 30 and
458 1966 117 28 stress:

411 2038 8 21 :
449 2038 111 21 means
580 2027 73 32 that
674 2027 56 32 the
751 2027 103 32 sound
874 2027 204 42 represented
1099 2027 45 41 by
1163 2027 56 32 the
1240 2027 171 42 preceding
1431 2029 96 30 letter
1547 2029 27 30 is

493 2074 81 41 long,
593 2085 58 30 e.g.
670 2084 39 21 a:.

409 2128 8 10 '
449 2131 110 20 means
580 2119 73 32 that
674 2119 56 32 the
752 2120 102 31 sound
874 2119 204 42 represented
1099 2119 45 42 by
1163 2119 57 32 the
1240 2119 171 42 preceding
1432 2119 95 32 letter
1549 2120 26 31 is

489 2165 167 41 half-long,
682 2176 58 30 e.g.
769 2176 18 21 a
789 2175 7 7 -
802 2191 5 6 .
860 2165 103 32 When
988 2176 42 21 no
1057 2164 183 42 ambiguity
1264 2165 107 38 arises,
1400 2175 8 8 •
1433 2176 76 30 may
1535 2165 39 32 be

487 2211 148 41 replaced
649 2211 78 41 by:.

412 2260 13 7 "
452 2256 113 42 placed
597 2267 76 21 over
705 2267 18 21 a
757 2256 96 32 letter
883 2256 157 32 indicates
1073 2256 56 32 the
1162 2256 124 32 weaker
1318 2256 137 32 element
1487 2256 38 30 of
1555 2267 18 21 a

490 2302 192 41 diphthong,
698 2313 57 30 e.g.
771 2304 50 30 aii.
849 2302 32 31 It
895 2303 26 31 is
934 2307 58 27 not
1006 2313 34 20 as
1054 2313 19 19 a
1087 2302 67 31 rule
1168 2313 167 30 necessary
1347 2306 36 27 to
1395 2302 101 31 insert
1508 2302 66 32 this

491 2348 100 32 mark.
622 2349 67 31 One
704 2360 77 30 may
794 2348 66 32 also
875 2349 90 31 write
980 2350 60 34 mb,
1057 2350 51 34 nd,
1125 2351 72 35 etc.,
1213 2351 34 28 to
1262 2348 87 31 show
1363 2348 73 32 that
1450 2360 19 18 a
1484 2349 90 31 nasal

73 2832 145 19 Downloaded
227 2832 55 19 from
293 2832 389 25 https://www.cambridge.org/core.
692 2833 26 18 30
724 2833 37 23 Jun
771 2833 51 18 2021
835 2835 21 16 at
865 2833 102 21 16:11:33,
977 2832 82 25 subject
1066 2835 23 16 to
1097 2832 38 19 the
1144 2832 127 25 Cambridge
1281 2833 52 18 Core
1341 2835 68 16 terms
1417 2832 24 19 of
1448 2838 45 13 use.
