2055 2917
251 97 41 25 304
338 94 74 28 Journal
424 94 19 28 of
452 94 31 28 the
495 94 127 28 International
635 94 88 28 Phonetic
734 94 124 28 Association:
870 94 35 28 The
918 94 126 28 International
1057 94 88 28 Phonetic
1157 94 90 34 Alphabet

399 287 18 30 4
781 296 65 21 THE
867 296 195 21 PRINCIPLES
1085 296 40 21 OE
1147 296 65 21 THE

397 377 192 33 convention
608 377 75 33 that
702 377 55 33 the
777 377 74 41 long
871 388 28 20 a:
920 377 58 31 has
1003 389 18 21 a
1040 378 88 32 front
1148 377 102 33 sound
1271 378 62 32 and
1353 377 57 33 the
1429 378 90 32 short
1539 389 18 21 a
1578 392 18 20 a

396 424 83 31 back
495 435 69 20 one.

437 471 27 30 7.
509 468 176 33 Phonemes
708 480 51 21 are
781 470 76 31 thus
879 470 135 31 families
1037 470 36 31 of
1091 470 121 31 related
1233 470 119 31 sounds
1374 470 104 31 which
1500 476 97 27 count

395 515 229 41 linguistically
633 516 34 30 in
679 526 19 20 a
710 515 94 41 given
817 515 163 41 language,
995 526 33 20 as
1041 515 28 31 if
1077 515 80 41 they
1167 526 81 20 were
1260 526 69 20 one.

438 562 27 30 8.
510 561 102 31 When
624 564 63 28 two
701 561 117 31 sounds
831 561 116 41 belong
957 566 35 26 to
1004 566 65 26 two
1082 564 145 39 separate
1241 561 172 42 phonemes
1425 562 34 30 in
1471 573 19 19 a
1503 562 94 41 given

397 606 164 42 language,
587 606 80 42 they
690 618 77 30 may
789 606 192 42 distinguish
1007 618 58 21 one
1091 606 86 32 word
1201 608 83 31 from
1309 606 134 33 another
1466 608 34 31 in
1525 608 72 32 that

397 653 166 41 language,
577 652 64 32 and
654 657 145 37 separate
812 652 112 32 letters
937 656 88 28 must
1038 652 38 32 be
1091 652 145 42 assigned
1249 657 35 27 to
1298 652 89 32 them
1400 654 34 30 in
1446 653 151 42 phonetic

397 699 246 41 transcriptions
657 699 36 31 of
702 699 37 31 it.
768 699 96 38 Thus,
879 710 20 19 n
913 699 64 31 and
990 710 18 30 g
1023 702 88 28 must
1125 699 39 31 be
1177 699 203 41 represented
1394 699 46 41 by
1452 704 145 37 separate

398 744 109 32 letters
522 746 33 30 in
571 744 127 41 writing
713 744 132 41 English
860 744 64 32 and
941 744 147 39 German,
1104 744 122 41 though
1242 744 78 32 such
1334 756 19 20 a
1369 746 188 31 distinction
1571 746 26 32 is

398 795 58 26 not
476 790 148 42 required
644 790 34 31 in
698 791 245 41 transcriptions
966 790 35 31 of
1020 790 129 38 Italian,
1172 790 147 41 Spanish,
1341 802 36 19 or
1399 791 197 41 Hungarian.

397 837 170 41 Similarly,
579 840 64 28 two
655 837 118 31 sounds
782 837 36 31 of
825 836 56 32 the
905 839 118 39 e-type,
1038 846 14 21 e
1065 837 63 31 and
1141 846 26 27 e,
1181 836 81 32 have
1273 840 35 28 to
1317 837 39 31 be
1367 837 231 41 distinguished

397 884 34 30 iu
450 882 132 37 French,
603 881 129 38 Italian,
753 881 161 40 Burmese,
935 881 63 33 and
1020 882 141 37 Tswana,
1184 881 124 42 though
1325 882 34 32 in
1379 881 136 43 Spanish
1535 885 63 30 and

398 928 138 31 Russian
549 928 122 31 similar
684 928 117 31 sounds
816 939 93 20 occur
923 928 103 31 which
1040 928 41 31 do
1094 933 58 26 not
1165 928 80 31 need
1259 933 34 26 to
1308 928 38 31 be
1361 929 237 31 differentiated

398 973 33 32 in
453 973 137 41 writing.
636 973 173 42 Examples
831 985 52 20 are
908 985 6 20 :
961 973 122 32 French
1106 984 37 21 ne
1170 975 87 39 (nez),
1280 984 40 21 he
1346 975 101 39 (natt),
1481 975 118 31 Italian

399 1023 89 27 venti
509 1020 158 41 (twenty),
689 1021 88 29 vsnti
803 1020 135 40 (winds),
966 1019 151 32 Burmese
1137 1030 53 20 me
1208 1020 156 40 (remain),
1383 1030 54 20 _ns
1454 1020 143 41 (region).

402 1066 49 32 On
471 1066 56 31 the
549 1065 93 32 other
661 1066 97 37 hand,
779 1066 123 41 though
921 1066 140 32 Russian
1082 1066 145 31 contains
1249 1077 19 20 a
1290 1065 19 13 “
1325 1066 82 31 close
1427 1065 18 14 ”
1467 1075 16 22 e
1503 1067 46 38 (as
1567 1067 34 31 in

399 1114 94 36 pjetj,
511 1122 94 28 neTb,
621 1111 51 32 for
686 1113 157 38 instance)
860 1111 64 33 and
943 1122 40 21 an
1008 1110 18 15 “
1039 1122 82 30 open
1135 1110 19 13 ”
1172 1122 17 21 e
1208 1113 46 38 (as
1275 1111 33 32 in
1332 1111 87 38 'etat,
1440 1122 89 28 otgt,
1551 1113 50 31 for

398 1158 169 40 instance),
584 1157 55 31 the
661 1168 55 20 use
735 1158 36 30 of
789 1158 89 31 these
900 1157 119 31 sounds
1039 1158 26 30 is
1083 1157 206 31 conditioned
1308 1157 44 42 by
1371 1157 56 32 the
1448 1157 153 42 phonetic

401 1207 152 34 context;
579 1203 230 42 consequently
830 1204 55 31 the
911 1207 64 28 two
998 1203 117 32 vowels
1137 1204 41 30 do
1199 1206 58 29 not
1278 1203 81 32 have
1381 1207 35 28 to
1437 1204 39 31 be
1496 1215 90 30 repre­

399 1249 112 32 sented
533 1249 44 41 by
596 1253 145 37 separate
762 1248 141 42 symbols
923 1249 34 32 in
980 1248 19 13 “
1013 1248 99 31 broad
1127 1248 19 13 ”
1166 1249 255 41 transcriptions.

806 1337 208 31 CARDINAL
1034 1337 155 30 SOUNDS

441 1397 28 30 9.
513 1395 33 31 It
558 1396 26 30 is
597 1398 58 28 not
668 1395 137 42 possible
819 1398 34 29 to
869 1395 109 42 design
991 1395 110 32 letters
1115 1395 49 31 for
1176 1395 56 31 the
1244 1395 253 42 representation
1513 1395 35 31 of
1559 1395 40 32 all

398 1440 267 42 distinguishable
684 1440 113 33 shades
816 1441 36 30 of
867 1441 112 32 sound.
1017 1441 84 30 Most
1119 1441 122 38 letters,
1260 1440 168 39 therefore,
1447 1445 59 28 not
1525 1441 76 41 only

399 1490 162 38 represent
584 1486 177 42 particular
783 1486 118 32 sounds
925 1486 60 32 but
1009 1486 66 32 also
1099 1486 82 31 have
1205 1489 34 28 to
1265 1487 39 30 do
1329 1487 84 41 duty
1435 1487 49 30 for
1508 1487 91 31 other

401 1532 114 32 shades
536 1532 36 30 of
590 1532 102 32 sound
714 1543 77 21 near
811 1536 35 28 to
867 1532 100 32 these.
1010 1532 109 32 Hence
1141 1531 56 33 the
1218 1532 80 32 need
1320 1532 50 30 for
1391 1531 210 42 establishing

401 1582 135 37 systems
552 1578 36 30 of
601 1578 19 12 “
633 1578 142 31 cardinal
788 1578 18 13 ”
822 1578 128 31 sounds.
981 1577 65 32 The
1061 1578 154 41 principle
1229 1578 26 31 is
1271 1578 36 31 of
1316 1578 177 41 particular
1507 1578 92 32 value

399 1625 34 30 in
447 1624 56 32 the
518 1634 70 21 case
603 1624 38 31 of
651 1624 125 38 vowels,
793 1624 64 31 and
871 1624 26 31 is
912 1624 114 31 indeed
1041 1624 149 31 essential
1203 1624 50 30 for
1267 1624 85 31 their
1367 1624 232 38 classification,

399 1670 51 30 for
474 1669 85 33 their
583 1670 210 41 comparison,
819 1670 64 30 and
908 1670 51 30 for
984 1668 209 42 establishing
1217 1669 55 31 the
1298 1669 71 31 best
1394 1669 148 33 methods
1568 1670 36 30 of

399 1716 219 41 representing
631 1716 89 31 them
734 1716 34 31 in
782 1716 138 41 writing.

444 1763 47 30 10.
534 1762 29 30 A
582 1762 189 31 convenient
792 1765 120 37 system
927 1762 35 30 of
975 1762 140 30 cardinal
1136 1762 115 30 vowels
1268 1762 135 31 consists
1419 1762 36 30 of
1469 1772 18 20 a
1507 1762 94 31 series

401 1807 36 31 of
453 1807 89 41 eight
563 1806 87 32 basic
671 1807 116 31 vowels
809 1807 36 30 of
861 1807 117 30 known
998 1807 174 31 formation
1193 1807 63 30 and
1277 1807 142 31 acoustic
1441 1807 158 41 qualities,

401 1853 103 31 which
525 1862 89 22 serve
637 1862 35 22 as
693 1865 20 18 a
734 1853 156 31 standard
912 1853 37 31 of
966 1856 246 34 measurement,
1233 1853 65 30 and
1320 1852 45 42 by
1386 1852 157 32 reference
1566 1856 33 28 to

401 1897 103 33 which
522 1898 91 32 other
630 1898 116 32 vowels
764 1910 59 20 can
840 1897 38 33 be
897 1897 173 33 described.
1107 1898 64 32 The
1189 1898 151 32 selection
1357 1898 36 32 of
1406 1898 89 32 these
1513 1898 88 42 eight

402 1944 141 32 cardinal
558 1944 115 31 vowels
686 1945 27 30 is
727 1944 97 31 based
839 1955 86 30 upon
939 1944 56 31 the
1008 1944 156 42 principle
1177 1943 74 32 that
1263 1955 42 20 no
1320 1948 63 27 two
1398 1944 36 31 of
1445 1944 90 31 them
1548 1955 53 20 are

402 2002 33 19 so
456 2000 77 21 near
551 1993 34 28 to
606 1990 78 31 each
703 1991 92 30 other
813 2002 35 19 as
869 1993 34 28 to
924 1990 38 31 be
981 1990 166 40 incapable
1167 1991 36 30 of
1220 1990 249 42 distinguishing
1488 1991 111 30 words.

403 2036 98 31 These
524 2035 88 42 eight
635 2036 116 30 vowels
774 2047 53 19 are
848 2035 203 42 represented
1074 2035 45 41 by
1140 2035 55 31 the
1212 2035 111 31 letters
1340 2036 258 30 ieEaaoou.

403 2082 148 31 Cardinal
561 2084 12 28 i
588 2082 26 30 is
630 2081 55 32 the
703 2081 19 13 “
735 2082 114 31 closest
864 2081 18 12 ”
897 2081 138 40 possible
1055 2081 18 12 “
1085 2081 88 31 front
1187 2081 19 12 ”
1223 2081 121 38 vowel;
1371 2082 29 30 if
1411 2082 55 30 the
1483 2085 118 38 tongue

402 2138 79 21 were
504 2127 33 30 in
561 2138 20 19 a
603 2126 113 41 higher
738 2127 141 41 position
902 2127 57 30 the
983 2126 102 31 sound
1109 2126 160 41 produced
1293 2126 106 31 would
1423 2126 40 31 be
1485 2139 20 18 a
1530 2138 59 21 con­

401 2177 116 27 sonant
537 2174 160 40 (fricative
715 2174 37 39 j).
791 2173 148 31 Cardinal
957 2183 20 21 a
993 2173 27 31 is
1038 2172 56 32 the
1115 2172 19 13 “
1147 2177 132 37 openest
1293 2172 20 13 ”
1332 2173 36 30 of
1376 2172 57 32 the
1453 2172 18 13 “
1485 2172 83 32 back
1581 2172 20 13 ”

401 2219 116 31 vowels
531 2229 8 28 ;
565 2219 29 31 if
605 2219 55 31 the
674 2222 119 37 tongue
809 2229 79 21 were
902 2217 162 33 retracted
1079 2217 133 39 further,
1229 2229 19 21 a
1262 2219 148 31 fricative
1425 2222 177 28 consonant

402 2265 36 30 of
459 2264 56 31 the
537 2268 78 38 type
639 2275 20 19 b
681 2264 105 31 would
807 2264 110 31 result.
947 2264 150 31 Cardinal
1119 2274 26 25 e,
1169 2274 26 26 e,
1225 2275 19 20 a
1271 2275 52 20 are
1344 2264 116 31 vowels
1485 2265 38 30 of
1545 2264 57 31 the

404 2310 19 14 “
435 2311 89 31 front
537 2310 20 13 ”
579 2311 95 30 series
696 2311 224 30 intermediate
942 2310 143 31 between
1110 2311 11 30 i
1146 2310 63 31 and
1224 2319 39 29 a;
1287 2310 82 41 they
1389 2321 53 20 are
1465 2310 136 32 selected

404 2366 35 22 so
463 2355 74 32 that
560 2355 57 32 the
641 2357 127 38 degrees
792 2357 36 30 of
848 2355 143 32 acoustic
1015 2357 181 38 separation
1220 2358 53 33 i-e,
1299 2366 59 25 e-e,
1385 2366 61 27 E-a,
1473 2365 53 22 a-o
1549 2367 53 20 are

73 2832 145 19 Downloaded
227 2832 55 19 from
293 2832 389 25 https://www.cambridge.org/core.
692 2833 26 18 30
724 2833 37 23 Jun
771 2833 51 18 2021
835 2835 21 16 at
865 2833 102 21 16:11:33,
977 2832 82 25 subject
1066 2835 23 16 to
1097 2832 38 19 the
1144 2832 127 25 Cambridge
1281 2833 52 18 Core
1341 2835 68 16 terms
1417 2832 24 19 of
1448 2838 45 13 use.
